<?xml version="1.0" encoding="UTF-8"?>
<!DOCTYPE html PUBLIC "-//W3C//DTD XHTML 1.0 Transitional//EN"
    "http://www.w3.org/TR/xhtml1/DTD/xhtml1-transitional.dtd">
<html xmlns="http://www.w3.org/1999/xhtml" xml:lang="en" lang="en">
 <head>
  <title>
</title>
<meta http-equiv="Content-Type" content="text/html;charset=utf-8" />
  <meta name='ocr-system' content='tesseract 3.04.00' />
  <meta name='ocr-capabilities' content='ocr_page ocr_carea ocr_par ocr_line ocrx_word'/>
</head>
<body>
  <div class='ocr_page' id='page_1' title='image "./povidiinasoniso02ovidgoog_0179.png"; bbox 0 0 2325 3959; ppageno 0'>
   <div class='ocr_carea' id='block_1_1' title="bbox 291 444 894 550">
    <p class='ocr_par' dir='ltr' id='par_1_1' title="bbox 291 444 894 550">
     <span class='ocr_line' id='line_1_1' title="bbox 291 444 894 550; baseline -0.02 -16"><span class='ocrx_word' id='word_1_1' title='bbox 291 465 569 534; x_wconf 72' lang='lat' dir='ltr'>Tartarum</span> <span class='ocrx_word' id='word_1_2' title='bbox 600 457 700 526; x_wconf 73' lang='lat' dir='ltr'>tra.</span> <span class='ocrx_word' id='word_1_3' title='bbox 735 457 767 524; x_wconf 85' lang='lat' dir='ltr'>J.</span> <span class='ocrx_word' id='word_1_4' title='bbox 824 444 894 550; x_wconf 77' lang='lat'>1&#39;77¹</span> 
     </span>
    </p>
   </div>
   <div class='ocr_carea' id='block_1_2' title="bbox 174 569 786 783">
    <p class='ocr_par' dir='ltr' id='par_1_2' title="bbox 174 569 786 783">
     <span class='ocr_line' id='line_1_2' title="bbox 212 569 747 639; baseline -0.009 -16"><span class='ocrx_word' id='word_1_5' title='bbox 212 569 319 639; x_wconf 64' lang='lat' dir='ltr'>Quaque</span> <span class='ocrx_word' id='word_1_6' title='bbox 330 571 373 622; x_wconf 91' lang='lat' dir='ltr'>diu</span> <span class='ocrx_word' id='word_1_7' title='bbox 383 575 466 638; x_wconf 86' lang='lat' dir='ltr'>petiit.</span> <span class='ocrx_word' id='word_1_8' title='bbox 480 573 584 636; x_wconf 75' lang='lat' dir='ltr'>contigit</span> <span class='ocrx_word' id='word_1_9' title='bbox 594 587 648 619; x_wconf 82' lang='lat' dir='ltr'>arva</span> <span class='ocrx_word' id='word_1_10' title='bbox 658 585 747 619; x_wconf 85' lang='lat' dir='ltr'>tamen.</span> 
     </span>
     <span class='ocr_line' id='line_1_3' title="bbox 174 647 786 720; baseline -0.01 -16"><span class='ocrx_word' id='word_1_11' title='bbox 174 654 209 704; x_wconf 77' lang='lat' dir='ltr'>At</span> <span class='ocrx_word' id='word_1_12' title='bbox 224 658 284 704; x_wconf 88' lang='lat' dir='ltr'>mihi</span> <span class='ocrx_word' id='word_1_13' title='bbox 295 653 411 720; x_wconf 78' lang='lat' dir='ltr'>perpetuo</span> <span class='ocrx_word' id='word_1_14' title='bbox 423 653 499 718; x_wconf 71' lang='lat' dir='ltr'>patrii</span> <span class='ocrx_word' id='word_1_15' title='bbox 511 651 596 702; x_wconf 89' lang='lat' dir='ltr'>tellure</span> <span class='ocrx_word' id='word_1_16' title='bbox 606 647 734 699; x_wconf 84' lang='lat' dir='ltr'>carendum</span> <span class='ocrx_word' id='word_1_17' title='bbox 745 649 786 699; x_wconf 77' lang='lat' dir='ltr'>est.</span> 
     </span>
     <span class='ocr_line' id='line_1_4' title="bbox 211 730 617 783; baseline -0.007 -2"><span class='ocrx_word' id='word_1_18' title='bbox 211 733 245 781; x_wconf 88' lang='lat' dir='ltr'>Ni</span> <span class='ocrx_word' id='word_1_19' title='bbox 262 732 334 783; x_wconf 83' lang='lat' dir='ltr'>fuerit</span> <span class='ocrx_word' id='word_1_20' title='bbox 345 733 395 781; x_wconf 80' lang='lat' dir='ltr'>laeei</span> <span class='ocrx_word' id='word_1_21' title='bbox 405 731 504 782; x_wconf 88' lang='lat' dir='ltr'>mollior</span> <span class='ocrx_word' id='word_1_22' title='bbox 517 735 552 780; x_wconf 87' lang='lat' dir='ltr'>ira</span> <span class='ocrx_word' id='word_1_23' title='bbox 560 730 617 779; x_wconf 90' lang='lat' dir='ltr'>Dei.</span> 
     </span>
    </p>
   </div>
   <div class='ocr_carea' id='block_1_3' title="bbox 196 837 875 1022">
    <p class='ocr_par' dir='ltr' id='par_1_3' title="bbox 196 837 875 1022">
     <span class='ocr_line' id='line_1_5' title="bbox 196 837 875 910; baseline -0.006 -12"><span class='ocrx_word' id='word_1_24' title='bbox 196 837 875 910; x_wconf 45' lang='lat' dir='ltr'>‹mame-effla</span> 
     </span>
     <span class='ocr_line' id='line_1_6' title="bbox 371 910 872 1022; baseline 0 -2"><span class='ocrx_word' id='word_1_25' title='bbox 371 960 627 1022; x_wconf 86' lang='lat' dir='ltr'><strong>ELEGIA</strong></span> <span class='ocrx_word' id='word_1_26' title='bbox 666 961 707 1020; x_wconf 92' lang='lat' dir='ltr'>V.</span> <span class='ocrx_word' id='word_1_27' title='bbox 868 910 872 922; x_wconf 35' lang='grc' dir='ltr'>Ι</span> 
     </span>
    </p>
   </div>
   <div class='ocr_carea' id='block_1_4' title="bbox 101 1105 770 1261">
    <p class='ocr_par' dir='ltr' id='par_1_4' title="bbox 101 1105 770 1261">
     <span class='ocr_line' id='line_1_7' title="bbox 101 1105 770 1188; baseline 0 -16"><span class='ocrx_word' id='word_1_28' title='bbox 101 1115 102 1142; x_wconf 74' lang='lat'>³</span> <span class='ocrx_word' id='word_1_29' title='bbox 174 1105 205 1172; x_wconf 74' lang='lat' dir='ltr'>J-</span> <span class='ocrx_word' id='word_1_30' title='bbox 246 1136 282 1171; x_wconf 81' lang='lat' dir='ltr'>to</span> <span class='ocrx_word' id='word_1_31' title='bbox 302 1121 396 1172; x_wconf 76' lang='lat' dir='ltr'>rantum</span> <span class='ocrx_word' id='word_1_32' title='bbox 407 1121 492 1174; x_wconf 83' lang='lat' dir='ltr'>Clario</span> <span class='ocrx_word' id='word_1_33' title='bbox 503 1121 570 1187; x_wconf 87' lang='lat' dir='ltr'>Lyde</span> <span class='ocrx_word' id='word_1_34' title='bbox 581 1122 667 1174; x_wconf 66' lang='lat' dir='ltr'>diieiia</span> <span class='ocrx_word' id='word_1_35' title='bbox 678 1128 770 1188; x_wconf 76' lang='lat' dir='ltr'>poe&#39;cae,</span> 
     </span>
     <span class='ocr_line' id='line_1_8' title="bbox 209 1199 741 1261; baseline 0.004 -13"><span class='ocrx_word' id='word_1_36' title='bbox 209 1199 260 1248; x_wconf 90' lang='lat' dir='ltr'>Nec</span> <span class='ocrx_word' id='word_1_37' title='bbox 280 1201 375 1250; x_wconf 79' lang='lat' dir='ltr'>tannim</span> <span class='ocrx_word' id='word_1_38' title='bbox 390 1201 448 1252; x_wconf 90' lang='lat' dir='ltr'>Coo</span> <span class='ocrx_word' id='word_1_39' title='bbox 461 1202 537 1252; x_wconf 83' lang='lat' dir='ltr'>Battis</span> <span class='ocrx_word' id='word_1_40' title='bbox 547 1217 627 1252; x_wconf 83' lang='lat' dir='ltr'>amata</span> <span class='ocrx_word' id='word_1_41' title='bbox 639 1204 681 1252; x_wconf 83' lang='lat' dir='ltr'>suo</span> <span class='ocrx_word' id='word_1_42' title='bbox 692 1203 741 1261; x_wconf 70' lang='lat' dir='ltr'>esta</span> 
     </span>
    </p>
   </div>
   <div class='ocr_carea' id='block_1_5' title="bbox 101 1275 835 1344">
    <p class='ocr_par' dir='ltr' id='par_1_5' title="bbox 101 1275 835 1344">
     <span class='ocr_line' id='line_1_9' title="bbox 101 1275 835 1344; baseline 0 -18"><span class='ocrx_word' id='word_1_43' title='bbox 101 1275 103 1304; x_wconf 47' lang='lat' dir='ltr'>i</span> <span class='ocrx_word' id='word_1_44' title='bbox 174 1277 313 1327; x_wconf 74' lang='lat' dir='ltr'>Pectoribus</span> <span class='ocrx_word' id='word_1_45' title='bbox 327 1279 443 1344; x_wconf 78' lang='lat' dir='ltr'>quantum</span> <span class='ocrx_word' id='word_1_46' title='bbox 460 1281 602 1341; x_wconf 83' lang='lat' dir='ltr'>tu&#39;ttoiiris,</span> <span class='ocrx_word' id='word_1_47' title='bbox 619 1281 704 1338; x_wconf 85' lang='lat' dir='ltr'>Uror,</span> <span class='ocrx_word' id='word_1_48' title='bbox 721 1281 835 1329; x_wconf 70' lang='lat' dir='ltr'>inheret:</span> 
     </span>
    </p>
   </div>
   <div class='ocr_carea' id='block_1_6' title="bbox 176 1355 925 1736">
    <p class='ocr_par' dir='ltr' id='par_1_6' title="bbox 176 1355 925 1736">
     <span class='ocr_line' id='line_1_10' title="bbox 208 1355 746 1421; baseline 0.002 -17"><span class='ocrx_word' id='word_1_49' title='bbox 208 1355 291 1421; x_wconf 75' lang='lat' dir='ltr'>Digna</span> <span class='ocrx_word' id='word_1_50' title='bbox 306 1359 500 1417; x_wconf 72' lang='lat' dir='ltr'>minuamisero,</span> <span class='ocrx_word' id='word_1_51' title='bbox 513 1375 562 1408; x_wconf 82' lang='lat' dir='ltr'>nou</span> <span class='ocrx_word' id='word_1_52' title='bbox 574 1357 674 1407; x_wconf 87' lang='lat' dir='ltr'>meiiore</span> <span class='ocrx_word' id='word_1_53' title='bbox 684 1360 746 1406; x_wconf 80' lang='lat' dir='ltr'>viro.</span> 
     </span>
     <span class='ocr_line' id='line_1_11' title="bbox 176 1433 925 1500; baseline -0.007 -17"><span class='ocrx_word' id='word_1_54' title='bbox 176 1434 214 1483; x_wconf 89' lang='lat' dir='ltr'>Te</span> <span class='ocrx_word' id='word_1_55' title='bbox 224 1451 278 1483; x_wconf 90' lang='lat' dir='ltr'>mea</span> <span class='ocrx_word' id='word_1_56' title='bbox 291 1469 299 1493; x_wconf 97' lang='lat'>,</span> <span class='ocrx_word' id='word_1_57' title='bbox 316 1436 438 1500; x_wconf 78' lang='lat' dir='ltr'>suppositd</span> <span class='ocrx_word' id='word_1_58' title='bbox 448 1434 523 1485; x_wconf 85' lang='lat' dir='ltr'>veluti</span> <span class='ocrx_word' id='word_1_59' title='bbox 536 1437 619 1494; x_wconf 86' lang='lat' dir='ltr'>trabe,</span> <span class='ocrx_word' id='word_1_60' title='bbox 637 1435 699 1484; x_wconf 87' lang='lat' dir='ltr'>fulta</span> <span class='ocrx_word' id='word_1_61' title='bbox 707 1437 774 1483; x_wconf 89' lang='lat' dir='ltr'>ruina</span> <span class='ocrx_word' id='word_1_62' title='bbox 784 1435 830 1492; x_wconf 73' lang='lat' dir='ltr'>eii,</span> <span class='ocrx_word' id='word_1_63' title='bbox 913 1433 925 1478; x_wconf 82' lang='lat'><em>5</em></span> 
     </span>
     <span class='ocr_line' id='line_1_12' title="bbox 210 1507 874 1578; baseline -0.003 -17"><span class='ocrx_word' id='word_1_64' title='bbox 210 1515 235 1561; x_wconf 86' lang='lat' dir='ltr'>si</span> <span class='ocrx_word' id='word_1_65' title='bbox 243 1511 302 1577; x_wconf 86' lang='lat' dir='ltr'>quid</span> <span class='ocrx_word' id='word_1_66' title='bbox 314 1511 393 1563; x_wconf 88' lang='lat' dir='ltr'>adhuc</span> <span class='ocrx_word' id='word_1_67' title='bbox 399 1529 444 1578; x_wconf 81' lang='lat' dir='ltr'>ego</span> <span class='ocrx_word' id='word_1_68' title='bbox 455 1515 506 1561; x_wconf 91' lang='lat' dir='ltr'>sum</span> <span class='ocrx_word' id='word_1_69' title='bbox 519 1548 527 1572; x_wconf 96' lang='lat'>,</span> <span class='ocrx_word' id='word_1_70' title='bbox 538 1517 642 1563; x_wconf 77' lang='lat' dir='ltr'>muneris</span> <span class='ocrx_word' id='word_1_71' title='bbox 654 1507 730 1562; x_wconf 77' lang='lat' dir='ltr'>omne¹</span> <span class='ocrx_word' id='word_1_72' title='bbox 738 1514 774 1560; x_wconf 90' lang='lat' dir='ltr'>tui</span> <span class='ocrx_word' id='word_1_73' title='bbox 785 1513 826 1560; x_wconf 87' lang='lat' dir='ltr'>est.</span> <span class='ocrx_word' id='word_1_74' title='bbox 869 1569 874 1576; x_wconf 31' lang='grc' dir='ltr'>ι</span> 
     </span>
     <span class='ocr_line' id='line_1_13' title="bbox 176 1588 846 1655; baseline -0.006 -15"><span class='ocrx_word' id='word_1_75' title='bbox 176 1590 217 1640; x_wconf 82' lang='lat' dir='ltr'>Ta</span> <span class='ocrx_word' id='word_1_76' title='bbox 233 1590 290 1639; x_wconf 84' lang='lat' dir='ltr'>facis</span> <span class='ocrx_word' id='word_1_77' title='bbox 302 1625 311 1651; x_wconf 93' lang='lat'>,</span> <span class='ocrx_word' id='word_1_78' title='bbox 331 1606 359 1640; x_wconf 90' lang='lat' dir='ltr'>ut</span> <span class='ocrx_word' id='word_1_79' title='bbox 370 1590 474 1655; x_wconf 86' lang='lat' dir='ltr'>spolium</span> <span class='ocrx_word' id='word_1_80' title='bbox 485 1607 514 1640; x_wconf 88' lang='lat' dir='ltr'>ne</span> <span class='ocrx_word' id='word_1_81' title='bbox 523 1595 567 1640; x_wconf 84' lang='lat' dir='ltr'>sim</span> <span class='ocrx_word' id='word_1_82' title='bbox 579 1626 588 1651; x_wconf 95' lang='lat'>,</span> <span class='ocrx_word' id='word_1_83' title='bbox 600 1607 646 1640; x_wconf 87' lang='lat' dir='ltr'>ueu</span> <span class='ocrx_word' id='word_1_84' title='bbox 656 1588 732 1640; x_wconf 86' lang='lat' dir='ltr'>nuder</span> <span class='ocrx_word' id='word_1_85' title='bbox 742 1588 846 1649; x_wconf 82' lang='lat' dir='ltr'>abillis,</span> 
     </span>
     <span class='ocr_line' id='line_1_14' title="bbox 209 1667 648 1736; baseline 0 -18"><span class='ocrx_word' id='word_1_86' title='bbox 209 1668 335 1734; x_wconf 76' lang='lat' dir='ltr'>Naufragii</span> <span class='ocrx_word' id='word_1_87' title='bbox 345 1667 437 1720; x_wconf 83' lang='lat' dir='ltr'>tabulas</span> <span class='ocrx_word' id='word_1_88' title='bbox 445 1672 485 1736; x_wconf 87' lang='lat' dir='ltr'>qui</span> <span class='ocrx_word' id='word_1_89' title='bbox 494 1671 581 1734; x_wconf 87' lang='lat' dir='ltr'>petiere</span> <span class='ocrx_word' id='word_1_90' title='bbox 590 1671 648 1718; x_wconf 82' lang='lat' dir='ltr'>mel.</span> 
     </span>
    </p>
   </div>
   <div class='ocr_carea' id='block_1_7' title="bbox 101 1745 859 1814">
    <p class='ocr_par' dir='ltr' id='par_1_7' title="bbox 101 1745 859 1814">
     <span class='ocr_line' id='line_1_15' title="bbox 101 1745 859 1814; baseline -0.007 -17"><span class='ocrx_word' id='word_1_91' title='bbox 101 1745 102 1756; x_wconf 56' lang='lat'>¹</span> <span class='ocrx_word' id='word_1_92' title='bbox 174 1747 258 1814; x_wconf 87' lang='lat' dir='ltr'>thue</span> <span class='ocrx_word' id='word_1_93' title='bbox 268 1763 353 1813; x_wconf 80' lang='lat' dir='ltr'>rapax,</span> <span class='ocrx_word' id='word_1_94' title='bbox 366 1747 502 1797; x_wconf 79' lang='lat' dir='ltr'>stimulante</span> <span class='ocrx_word' id='word_1_95' title='bbox 514 1746 578 1798; x_wconf 81' lang='lat' dir='ltr'>fame</span> <span class='ocrx_word' id='word_1_96' title='bbox 591 1784 599 1809; x_wconf 95' lang='lat'>,</span> <span class='ocrx_word' id='word_1_97' title='bbox 611 1745 759 1814; x_wconf 80' lang='lat' dir='ltr'>cupidusque</span> <span class='ocrx_word' id='word_1_98' title='bbox 767 1747 859 1794; x_wconf 83' lang='lat' dir='ltr'>cruoris</span> 
     </span>
    </p>
   </div>
   <div class='ocr_carea' id='block_1_8' title="bbox 100 1823 944 3136">
    <p class='ocr_par' dir='ltr' id='par_1_8' title="bbox 100 1823 944 3136">
     <span class='ocr_line' id='line_1_16' title="bbox 207 1823 944 1892; baseline 0.003 -18"><span class='ocrx_word' id='word_1_99' title='bbox 207 1823 382 1875; x_wconf 86' lang='lat' dir='ltr'>Incustodirum</span> <span class='ocrx_word' id='word_1_100' title='bbox 398 1841 478 1891; x_wconf 88' lang='lat' dir='ltr'>captat</span> <span class='ocrx_word' id='word_1_101' title='bbox 491 1825 555 1876; x_wconf 85' lang='lat' dir='ltr'>ovile</span> <span class='ocrx_word' id='word_1_102' title='bbox 567 1826 651 1892; x_wconf 74' lang='lat' dir='ltr'>lupuse</span> <span class='ocrx_word' id='word_1_103' title='bbox 912 1830 944 1865; x_wconf 81' lang='lat'>¹⁰</span> 
     </span>
     <span class='ocr_line' id='line_1_17' title="bbox 174 1899 785 1970; baseline 0.002 -19"><span class='ocrx_word' id='word_1_104' title='bbox 174 1905 224 1952; x_wconf 83' lang='lat' dir='ltr'>Aut</span> <span class='ocrx_word' id='word_1_105' title='bbox 232 1919 258 1952; x_wconf 87' lang='lat' dir='ltr'>ur</span> <span class='ocrx_word' id='word_1_106' title='bbox 267 1901 413 1952; x_wconf 82' lang='lat' dir='ltr'>edaxvultur</span> <span class='ocrx_word' id='word_1_107' title='bbox 421 1919 507 1969; x_wconf 86' lang='lat' dir='ltr'>corpus</span> <span class='ocrx_word' id='word_1_108' title='bbox 521 1907 682 1970; x_wconf 83' lang='lat' dir='ltr'>circumspicit</span> <span class='ocrx_word' id='word_1_109' title='bbox 690 1899 785 1970; x_wconf 84' lang='lat' dir='ltr'>ecquod</span> 
     </span>
     <span class='ocr_line' id='line_1_18' title="bbox 210 1980 796 2048; baseline 0.002 -19"><span class='ocrx_word' id='word_1_110' title='bbox 210 1982 258 2029; x_wconf 89' lang='lat' dir='ltr'>Sub</span> <span class='ocrx_word' id='word_1_111' title='bbox 267 1980 334 2029; x_wconf 72' lang='lat' dir='ltr'>nulli</span> <span class='ocrx_word' id='word_1_112' title='bbox 345 1983 450 2045; x_wconf 87' lang='lat' dir='ltr'>positum</span> <span class='ocrx_word' id='word_1_113' title='bbox 462 1996 555 2030; x_wconf 84' lang='lat' dir='ltr'>cernere</span> <span class='ocrx_word' id='word_1_114' title='bbox 566 1986 641 2047; x_wconf 83' lang='lat' dir='ltr'>possit</span> <span class='ocrx_word' id='word_1_115' title='bbox 650 1985 725 2030; x_wconf 91' lang='lat' dir='ltr'>humo</span> <span class='ocrx_word' id='word_1_116' title='bbox 736 1999 743 2039; x_wconf 80' lang='lat'>3</span> <span class='ocrx_word' id='word_1_117' title='bbox 793 2041 796 2048; x_wconf 28' lang='grc' dir='ltr'>Ι</span> 
     </span>
     <span class='ocr_line' id='line_1_19' title="bbox 100 2057 798 2123; baseline 0.001 -16"><span class='ocrx_word' id='word_1_118' title='bbox 100 2057 101 2086; x_wconf 43' lang='lat' dir='ltr'>i</span> <span class='ocrx_word' id='word_1_119' title='bbox 174 2060 215 2107; x_wconf 78' lang='lat' dir='ltr'>Sic</span> <span class='ocrx_word' id='word_1_120' title='bbox 232 2074 284 2106; x_wconf 87' lang='lat' dir='ltr'>mea</span> <span class='ocrx_word' id='word_1_121' title='bbox 295 2060 452 2123; x_wconf 83' lang='lat' dir='ltr'>nescioquis,</span> <span class='ocrx_word' id='word_1_122' title='bbox 464 2059 532 2107; x_wconf 86' lang='lat' dir='ltr'>rebus</span> <span class='ocrx_word' id='word_1_123' title='bbox 543 2059 606 2107; x_wconf 72' lang='lat' dir='ltr'>mali</span> <span class='ocrx_word' id='word_1_124' title='bbox 617 2058 678 2108; x_wconf 81' lang='lat' dir='ltr'>fidus</span> <span class='ocrx_word' id='word_1_125' title='bbox 690 2060 798 2120; x_wconf 80' lang='lat' dir='ltr'>acerbis,</span> 
     </span>
     <span class='ocr_line' id='line_1_20' title="bbox 210 2135 690 2201; baseline 0.006 -18"><span class='ocrx_word' id='word_1_126' title='bbox 210 2135 239 2184; x_wconf 88' lang='lat' dir='ltr'>Iu</span> <span class='ocrx_word' id='word_1_127' title='bbox 251 2136 314 2185; x_wconf 89' lang='lat' dir='ltr'>bona</span> <span class='ocrx_word' id='word_1_128' title='bbox 323 2151 436 2186; x_wconf 83' lang='lat' dir='ltr'>venturus</span> <span class='ocrx_word' id='word_1_129' title='bbox 448 2172 456 2197; x_wconf 95' lang='lat'>,</span> <span class='ocrx_word' id='word_1_130' title='bbox 469 2139 488 2185; x_wconf 88' lang='lat' dir='ltr'>si</span> <span class='ocrx_word' id='word_1_131' title='bbox 500 2151 622 2201; x_wconf 83' lang='lat' dir='ltr'>paterere,</span> <span class='ocrx_word' id='word_1_132' title='bbox 635 2137 690 2186; x_wconf 83' lang='lat' dir='ltr'>fuit.</span> 
     </span>
     <span class='ocr_line' id='line_1_21' title="bbox 175 2205 941 2276; baseline 0.003 -16"><span class='ocrx_word' id='word_1_133' title='bbox 175 2210 248 2260; x_wconf 84' lang='lat' dir='ltr'>Hunc</span> <span class='ocrx_word' id='word_1_134' title='bbox 261 2226 300 2260; x_wconf 88' lang='lat' dir='ltr'>tua</span> <span class='ocrx_word' id='word_1_135' title='bbox 311 2227 352 2276; x_wconf 84' lang='lat' dir='ltr'>per</span> <span class='ocrx_word' id='word_1_136' title='bbox 363 2212 436 2261; x_wconf 86' lang='lat' dir='ltr'>fortes</span> <span class='ocrx_word' id='word_1_137' title='bbox 448 2216 522 2261; x_wconf 85' lang='lat' dir='ltr'>virtus</span> <span class='ocrx_word' id='word_1_138' title='bbox 532 2214 655 2263; x_wconf 89' lang='lat' dir='ltr'>submovit</span> <span class='ocrx_word' id='word_1_139' title='bbox 663 2217 771 2275; x_wconf 71' lang='lat' dir='ltr'>amicos,</span> <span class='ocrx_word' id='word_1_140' title='bbox 912 2205 941 2252; x_wconf 78' lang='lat'>¹5</span> 
     </span>
     <span class='ocr_line' id='line_1_22' title="bbox 210 2287 725 2357; baseline 0.004 -19"><span class='ocrx_word' id='word_1_141' title='bbox 210 2287 381 2356; x_wconf 80' lang='lat' dir='ltr'>Nullaquibus</span> <span class='ocrx_word' id='word_1_142' title='bbox 393 2288 461 2340; x_wconf 83' lang='lat' dir='ltr'>reddi</span> <span class='ocrx_word' id='word_1_143' title='bbox 469 2294 545 2356; x_wconf 83' lang='lat' dir='ltr'>gratia</span> <span class='ocrx_word' id='word_1_144' title='bbox 556 2289 629 2356; x_wconf 85' lang='lat' dir='ltr'>digna</span> <span class='ocrx_word' id='word_1_145' title='bbox 639 2291 725 2357; x_wconf 84' lang='lat' dir='ltr'>potest.</span> 
     </span>
     <span class='ocr_line' id='line_1_23' title="bbox 173 2365 796 2435; baseline 0.01 -21"><span class='ocrx_word' id='word_1_146' title='bbox 173 2365 239 2431; x_wconf 82' lang='lat' dir='ltr'>Ergo</span> <span class='ocrx_word' id='word_1_147' title='bbox 251 2365 324 2432; x_wconf 83' lang='lat' dir='ltr'>qudm</span> <span class='ocrx_word' id='word_1_148' title='bbox 336 2369 441 2428; x_wconf 86' lang='lat' dir='ltr'>misero,</span> <span class='ocrx_word' id='word_1_149' title='bbox 457 2383 506 2418; x_wconf 88' lang='lat' dir='ltr'>tarn</span> <span class='ocrx_word' id='word_1_150' title='bbox 518 2387 593 2428; x_wconf 85' lang='lat' dir='ltr'>vero,</span> <span class='ocrx_word' id='word_1_151' title='bbox 606 2371 662 2419; x_wconf 84' lang='lat' dir='ltr'>teste</span> <span class='ocrx_word' id='word_1_152' title='bbox 672 2371 779 2435; x_wconf 76' lang='lat' dir='ltr'>probaris</span> <span class='ocrx_word' id='word_1_153' title='bbox 786 2387 796 2429; x_wconf 73' lang='lat'>3</span> 
     </span>
     <span class='ocr_line' id='line_1_24' title="bbox 208 2443 747 2511; baseline 0.007 -18"><span class='ocrx_word' id='word_1_154' title='bbox 208 2445 255 2494; x_wconf 82' lang='lat' dir='ltr'>iiic</span> <span class='ocrx_word' id='word_1_155' title='bbox 266 2443 365 2511; x_wconf 82' lang='lat' dir='ltr'>aliquod</span> <span class='ocrx_word' id='word_1_156' title='bbox 376 2445 470 2511; x_wconf 83' lang='lat' dir='ltr'>pondus</span> <span class='ocrx_word' id='word_1_157' title='bbox 480 2451 499 2496; x_wconf 81' lang='lat' dir='ltr'>si</span> <span class='ocrx_word' id='word_1_158' title='bbox 509 2445 586 2498; x_wconf 78' lang='lat' dir='ltr'>m‘odd</span> <span class='ocrx_word' id='word_1_159' title='bbox 594 2449 657 2497; x_wconf 87' lang='lat' dir='ltr'>testis</span> <span class='ocrx_word' id='word_1_160' title='bbox 667 2451 747 2498; x_wconf 88' lang='lat' dir='ltr'>habet.</span> 
     </span>
     <span class='ocr_line' id='line_1_25' title="bbox 174 2521 782 2589; baseline 0.003 -16"><span class='ocrx_word' id='word_1_161' title='bbox 174 2521 227 2573; x_wconf 84' lang='lat' dir='ltr'>Nec</span> <span class='ocrx_word' id='word_1_162' title='bbox 235 2524 354 2588; x_wconf 79' lang='lat' dir='ltr'>probitate</span> <span class='ocrx_word' id='word_1_163' title='bbox 366 2523 407 2573; x_wconf 74' lang='lat' dir='ltr'>tud</span> <span class='ocrx_word' id='word_1_164' title='bbox 418 2529 483 2589; x_wconf 88' lang='lat' dir='ltr'>prior</span> <span class='ocrx_word' id='word_1_165' title='bbox 493 2525 525 2574; x_wconf 83' lang='lat' dir='ltr'>est</span> <span class='ocrx_word' id='word_1_166' title='bbox 536 2541 577 2576; x_wconf 84' lang='lat' dir='ltr'>aut</span> <span class='ocrx_word' id='word_1_167' title='bbox 587 2527 695 2576; x_wconf 68' lang='lat' dir='ltr'>neentis</span> <span class='ocrx_word' id='word_1_168' title='bbox 707 2543 782 2582; x_wconf 82' lang='lat' dir='ltr'>uxor,</span> 
     </span>
     <span class='ocr_line' id='line_1_26' title="bbox 207 2601 942 2655; baseline 0.012 -5"><span class='ocrx_word' id='word_1_169' title='bbox 207 2601 257 2650; x_wconf 82' lang='lat' dir='ltr'>Aut</span> <span class='ocrx_word' id='word_1_170' title='bbox 269 2617 349 2650; x_wconf 82' lang='lat' dir='ltr'>comes</span> <span class='ocrx_word' id='word_1_171' title='bbox 361 2605 464 2652; x_wconf 73' lang='lat' dir='ltr'>extincio</span> <span class='ocrx_word' id='word_1_172' title='bbox 473 2601 605 2654; x_wconf 77' lang='lat' dir='ltr'>Laodamia</span> <span class='ocrx_word' id='word_1_173' title='bbox 615 2609 678 2655; x_wconf 89' lang='lat' dir='ltr'>viro.</span> <span class='ocrx_word' id='word_1_174' title='bbox 912 2612 942 2645; x_wconf 74' lang='lat'>²0</span> 
     </span>
     <span class='ocr_line' id='line_1_27' title="bbox 175 2677 702 2744; baseline 0.015 -19"><span class='ocrx_word' id='word_1_175' title='bbox 175 2677 215 2726; x_wconf 91' lang='lat' dir='ltr'>Tu</span> <span class='ocrx_word' id='word_1_176' title='bbox 232 2681 250 2726; x_wconf 82' lang='lat' dir='ltr'>si</span> <span class='ocrx_word' id='word_1_177' title='bbox 262 2679 396 2727; x_wconf 81' lang='lat' dir='ltr'>Maeonium</span> <span class='ocrx_word' id='word_1_178' title='bbox 410 2695 489 2728; x_wconf 81' lang='lat' dir='ltr'>vatem</span> <span class='ocrx_word' id='word_1_179' title='bbox 505 2683 589 2730; x_wconf 83' lang='lat' dir='ltr'>sortita</span> <span class='ocrx_word' id='word_1_180' title='bbox 604 2681 702 2744; x_wconf 75' lang='lat' dir='ltr'>fuisses,</span> 
     </span>
     <span class='ocr_line' id='line_1_28' title="bbox 209 2753 667 2820; baseline 0.009 -16"><span class='ocrx_word' id='word_1_181' title='bbox 209 2756 338 2820; x_wconf 82' lang='lat' dir='ltr'>Penelopea</span> <span class='ocrx_word' id='word_1_182' title='bbox 350 2753 409 2804; x_wconf 79' lang='lat' dir='ltr'>effet</span> <span class='ocrx_word' id='word_1_183' title='bbox 423 2756 488 2806; x_wconf 80' lang='lat' dir='ltr'>fama</span> <span class='ocrx_word' id='word_1_184' title='bbox 498 2757 600 2808; x_wconf 83' lang='lat' dir='ltr'>secunda</span> <span class='ocrx_word' id='word_1_185' title='bbox 612 2774 667 2810; x_wconf 79' lang='lat' dir='ltr'>tuae.</span> 
     </span>
     <span class='ocr_line' id='line_1_29' title="bbox 176 2832 794 2904; baseline 0.011 -22"><span class='ocrx_word' id='word_1_186' title='bbox 176 2833 231 2882; x_wconf 86' lang='lat' dir='ltr'>Sive</span> <span class='ocrx_word' id='word_1_187' title='bbox 243 2833 287 2882; x_wconf 86' lang='lat' dir='ltr'>tibi</span> <span class='ocrx_word' id='word_1_188' title='bbox 301 2835 348 2882; x_wconf 90' lang='lat' dir='ltr'>hoc</span> <span class='ocrx_word' id='word_1_189' title='bbox 360 2832 442 2890; x_wconf 83' lang='lat' dir='ltr'>debes,</span> <span class='ocrx_word' id='word_1_190' title='bbox 461 2835 529 2884; x_wconf 71' lang='lat' dir='ltr'>nulla</span> <span class='ocrx_word' id='word_1_191' title='bbox 546 2837 794 2904; x_wconf 64' lang='lat' dir='ltr'>piafadamagistr13</span> 
     </span>
     <span class='ocr_line' id='line_1_30' title="bbox 210 2909 750 2977; baseline 0.009 -16"><span class='ocrx_word' id='word_1_192' title='bbox 210 2909 325 2977; x_wconf 90' lang='lat' dir='ltr'>Cumque</span> <span class='ocrx_word' id='word_1_193' title='bbox 340 2911 404 2960; x_wconf 70' lang='lat' dir='ltr'>novi</span> <span class='ocrx_word' id='word_1_194' title='bbox 415 2927 493 2961; x_wconf 82' lang='lat' dir='ltr'>mores</span> <span class='ocrx_word' id='word_1_195' title='bbox 503 2913 558 2962; x_wconf 88' lang='lat' dir='ltr'>sunt</span> <span class='ocrx_word' id='word_1_196' title='bbox 569 2915 613 2963; x_wconf 89' lang='lat' dir='ltr'>tibi</span> <span class='ocrx_word' id='word_1_197' title='bbox 624 2914 675 2965; x_wconf 91' lang='lat' dir='ltr'>luce</span> <span class='ocrx_word' id='word_1_198' title='bbox 686 2915 750 2966; x_wconf 86' lang='lat' dir='ltr'>dati:</span> 
     </span>
     <span class='ocr_line' id='line_1_31' title="bbox 177 2991 939 3064; baseline 0.01 -24"><span class='ocrx_word' id='word_1_199' title='bbox 177 2991 276 3040; x_wconf 81' lang='lat' dir='ltr'>Femina</span> <span class='ocrx_word' id='word_1_200' title='bbox 295 2993 334 3038; x_wconf 89' lang='lat' dir='ltr'>seu</span> <span class='ocrx_word' id='word_1_201' title='bbox 351 2991 476 3056; x_wconf 82' lang='lat' dir='ltr'>princepe,</span> <span class='ocrx_word' id='word_1_202' title='bbox 490 3005 573 3040; x_wconf 84' lang='lat' dir='ltr'>omnes</span> <span class='ocrx_word' id='word_1_203' title='bbox 585 2994 629 3040; x_wconf 85' lang='lat' dir='ltr'>tibi</span> <span class='ocrx_word' id='word_1_204' title='bbox 640 2994 755 3060; x_wconf 80' lang='lat' dir='ltr'>cuita&#39;per</span> <span class='ocrx_word' id='word_1_205' title='bbox 765 3011 859 3055; x_wconf 84' lang='lat' dir='ltr'>annot,</span> <span class='ocrx_word' id='word_1_206' title='bbox 913 3019 939 3064; x_wconf 66' lang='grc' dir='ltr'>ις</span> 
     </span>
     <span class='ocr_line' id='line_1_32' title="bbox 210 3066 761 3136; baseline 0.011 -19"><span class='ocrx_word' id='word_1_207' title='bbox 210 3069 246 3118; x_wconf 90' lang='lat' dir='ltr'>Te</span> <span class='ocrx_word' id='word_1_208' title='bbox 258 3066 330 3117; x_wconf 88' lang='lat' dir='ltr'>docet</span> <span class='ocrx_word' id='word_1_209' title='bbox 348 3068 484 3133; x_wconf 85' lang='lat' dir='ltr'>exemplum</span> <span class='ocrx_word' id='word_1_210' title='bbox 498 3069 605 3136; x_wconf 81' lang='lat' dir='ltr'>conjugis</span> <span class='ocrx_word' id='word_1_211' title='bbox 617 3069 761 3136; x_wconf 75' lang='lat' dir='ltr'>effebonae3</span> 
     </span>
    </p>
   </div>
   <div class='ocr_carea' id='block_1_9' title="bbox 177 3145 837 3271">
    <p class='ocr_par' dir='ltr' id='par_1_9' title="bbox 177 3145 837 3271">
     <span class='ocr_line' id='line_1_33' title="bbox 177 3145 837 3271; baseline 0.002 -74"><span class='ocrx_word' id='word_1_212' title='bbox 177 3146 361 3214; x_wconf 79' lang='lat' dir='ltr'>A&#39;ssiruilemque</span> <span class='ocrx_word' id='word_1_213' title='bbox 374 3147 409 3196; x_wconf 76' lang='lat' dir='ltr'>ui</span> <span class='ocrx_word' id='word_1_214' title='bbox 425 3145 499 3213; x_wconf 66' lang='lat' dir='ltr'>longa</span> <span class='ocrx_word' id='word_1_215' title='bbox 514 3145 661 3200; x_wconf 83' lang='lat' dir='ltr'>affuetudine</span> <span class='ocrx_word' id='word_1_216' title='bbox 671 3149 751 3271; x_wconf 74' lang='lat' dir='ltr'>fecitH3</span> <span class='ocrx_word' id='word_1_217' title='bbox 834 3181 837 3186; x_wconf 96' lang='lat'>-</span> 
     </span>
     <span class='ocr_line' id='line_1_34' title="bbox 769 3237 786 3271; baseline 0 0"><span class='ocrx_word' id='word_1_218' title='bbox 769 3237 786 3271; x_wconf 76' lang='lat' dir='ltr'>tr</span> 
     </span>
    </p>
   </div>
   <div class='ocr_carea' id='block_1_10' title="bbox 0 0 1172 3959">
    <p class='ocr_par' dir='ltr' id='par_1_10' title="bbox 0 0 1172 3959">
     <span class='ocr_line' id='line_1_35' title="bbox 0 0 1172 3959; baseline 0 0"><span class='ocrx_word' id='word_1_219' title='bbox 0 0 1172 3959; x_wconf 95' lang='lat' dir='ltr'> </span> 
     </span>
    </p>
   </div>
  </div>
 </body>
</html>
