2325 3959
240 406 533 475 FAsroruM
557 404 658 471 Line
690 402 734 473 V.
788 426 854 490 119

177 526 280 592 Legibus
296 527 329 576 est
340 542 410 582 atas,
422 524 485 575 unde
494 540 587 591 petatur
598 527 685 573 honos.

144 603 177 653 Et
192 603 285 655 medius
295 609 426 671 juvenum,
438 621 488 653 non
504 601 682 667 indignantibus
695 604 767 666 ipsit,

178 683 232 732 ibat
244 702 250 731 r
260 687 284 732 δι
296 686 413 737 interior,
427 686 447 731 si
457 699 539 732 comes
551 697 611 731 unus
619 696 678 731 erat.

146 759 226 809 Verba
236 764 290 825 quir
303 760 400 809 auderet
410 777 492 811 cotani
506 760 560 809 sene
572 757 645 822 digna
656 758 742 807 rubore

122 829 125 833 ⁵
180 837 267 886 Dicere
279 841 287 886 l
298 839 420 885 censuram
433 837 506 901 longa
517 838 607 886 senesta
616 833 696 884 dabar.
875 833 907 881 7ο

148 914 267 965 Romulus
284 916 331 963 boc
345 913 425 973 vidit,
441 914 570 978 selebiaque
585 916 679 977 pestora
692 913 770 961 Patres

182 992 266 1042 Dixit:
276 991 307 1041 ad
323 995 367 1041 bos
382 992 452 1041 Urbis
462 993 555 1041 summa
564 990 639 1039 relata
651 1005 729 1039 nove.

151 1069 215 1121 Hinc
225 1072 265 1119 sua
275 1074 376 1135 majores
382 1068 483 1135 posuiile
492 1068 610 1119 vocabula
619 1069 686 1132 Majo

182 1149 300 1212 Tangor,
318 1152 343 1197 tr
360 1151 424 1198 arati
437 1144 581 1197 consuluill'e
594 1148 649 1195 suar.

148 1224 181 1273 Et
199 1209 313 1274 Numitor
324 1222 407 1275 dixilse
420 1227 512 1291 potest,
522 1226 577 1279 Da,
590 1222 710 1281 Romule,
725 1222 831 1270 mensem
880 1223 908 1269 75

185 1302 255 1350 Hunc
266 1304 376 1361 senibus;
390 1320 434 1351 nec
444 1320 516 1352 avum
526 1298 656 1351 sustinuiffe
667 1316 749 1364 nepos.

152 1378 204 1428 Nec
215 1378 266 1427 leve
277 1383 396 1444 prepositi
407 1383 491 1444 pignus
501 1376 618 1429 succelsor
629 1381 728 1427 honoris

185 1452 285 1516 lunius,
298 1474 312 1505 a
324 1461 437 1521 juvenum
448 1460 546 1516 nomine
562 1456 653 1514 dirius,
673 1456 752 1505 habet.

153 1531 219 1582 Turn
230 1537 281 1588 sic,
295 1535 415 1599 negleclos
425 1534 513 1584 hederi
522 1533 634 1585 redimita
642 1533 742 1598 capillos
753 1566 762 1592 ,
864 1583 865 1586 ,

188 1612 267 1659 Prima
277 1614 312 1660 sui
323 1617 397 1678 coepit
410 1613 536 1678 Calliopia
546 1616 613 1661 chori
626 1630 632 1661 ε
882 1600 915 1648 3⁰

153 1686 261 1737 Duxerat
271 1689 379 1740 Oceanus
389 1689 512 1756 quondam
523 1690 638 1741 Titanida
651 1690 747 1751 Tethyn
757 1720 765 1746 ,

188 1767 236 1826 Qui
246 1784 333 1817 terram
345 1768 457 1834 liquidis,
469 1768 518 1835 qual
529 1784 612 1833 patet,
625 1768 700 1816 ambit
711 1768 787 1831 aquis.

153 1842 219 1893 Hinc
228 1846 277 1895 sata
288 1845 386 1895 Pleione
397 1864 454 1896 cunr
465 1846 576 1895 coelifero
588 1846 683 1895 Atlante

188 1921 297 1985 Iungitur
308 1956 316 1982 ,
331 1938 358 1971 ut
366 1922 431 1971 fama
442 1924 474 1972 est
485 1941 494 1981 3
508 1922 663 1987 Pleiadasque
674 1923 754 1985 parit,

157 1997 265 2058 Quarum
281 1999 350 2064 Maia
362 2002 414 2048 suas
427 1999 507 2048 fornii
516 1998 631 2064 superaffe
642 2001 733 2047 sorores
888 1980 916 2043 35

191 2074 325 2142 Traditur,
341 2081 366 2126 bc
383 2080 477 2127 summo
488 2073 641 2127 concubuiffe
652 2077 715 2125 lori.

159 2152 218 2202 Hac
229 2156 297 2203 enixa
307 2158 365 2219 jugo
376 2155 534 2220 cupressiferae
545 2153 660 2216 Cyllenes

192 2229 328 2283 AEthetium
343 2232 436 2282 volucri
447 2236 488 2298 qui
497 2230 558 2299 pede
568 2234 644 2295 carpit
658 2234 711 2278 iter.

161 2306 264 2357 Arcades
278 2312 359 2369 bunc,
374 2309 505 2375 Ladonque
521 2326 608 2374 rapax,
625 2313 650 2357 δι
662 2305 778 2357 Maenalot
790 2308 872 2371 ingens

195 2386 249 2435 Rite
260 2387 362 2448 colunt,
375 2389 443 2437 Luni
455 2386 545 2437 credita
556 2400 618 2437 terra
627 2389 705 2454 prior.'
890 2385 923 2432 90

162 2463 233 2513 Exsul
246 2466 275 2513 ab
284 2464 391 2516 Arcadiis
402 2467 483 2533 Latios
493 2463 602 2515 Evander
611 2469 636 2513 in
647 2480 716 2529 agros

197 2541 316 2601 Venerat,
329 2546 455 2608 impositos
464 2543 625 2607 attuleratque
636 2542 710 2590 Deos.

164 2615 212 2666 Hic
224 2652 233 2677 ‚
244 2621 284 2667 ubi
295 2636 359 2669 nunc
370 2622 448 2670 Roma
458 2622 491 2669 eii
499 2623 564 2670 orbis
574 2634 646 2685 caput
656 2654 664 2680 ‚
675 2620 745 2671 arbor
753 2624 778 2670 bt
786 2621 874 2680 herbae,

198 2696 230 2745 Et
240 2712 319 2759 paucae
331 2696 433 2761 pecudes
444 2733 453 2757 ,
465 2703 489 2747 lit
501 2701 553 2748 casa
564 2714 616 2747 rara
627 2698 681 2746 fuit.

167 2771 225 2831 Quo
236 2774 287 2836 post
296 2773 369 2839 quim
379 2790 494 2836 ventum3
505 2776 651 2833 consistite,
664 2776 759 2839 praescia
768 2788 860 2835 mater,
896 2780 923 2824 95

140 2918 144 2921 ῃ
203 2850 267 2899 Nam
278 2852 345 2900 locus
357 2856 451 2917 imperii
461 2871 498 2903 rus
507 2858 552 2904 erit
561 2851 639 2910 iliud,
652 2856 694 2900 ait.

169 2927 201 2976 Et
214 2930 285 2977 marri
298 2933 323 2978 br
336 2933 386 2979 vati
400 2946 465 2995 paret
478 2932 613 2981 Nonacrius
626 2934 715 2990 heros,

204 3007 278 3072 inque
291 3009 414 3073 peregrini
423 3011 529 3059 constitit
537 3012 621 3075 hospes
635 3010 721 3058 humo!

169 3087 287 3153 Sacraque
298 3086 375 3137 multa
385 3086 485 3157 quidem
494 3122 504 3150 ,
521 3087 563 3139 sed
580 3090 654 3139 Fauni
664 3090 741 3153 prima
752 3087 856 3135 bicornia
