2325 3959
243 306 523 410 Turturum
551 320 750 407 er'r.IV.
807 361 869 422 241
950 378 952 383 .

173 460 318 526 Sicjuvenis,
333 461 464 526 similisque
475 460 520 509 tibi
530 463 561 509 sit
569 475 657 515 natus,
673 463 697 509 δι
709 458 780 508 illurn

201 540 305 588 Moribus
315 541 427 604 agnoscat
437 537 539 604 quilibet
550 534 596 587 effe
608 553 685 588 tuum.

173 617 207 666 sic
217 618 321 665 socerum
334 617 407 665 faciat
418 614 481 665 tardi
489 630 512 664 te
523 631 579 665 nata
586 617 677 681 jugali3

201 693 249 744 Nec
260 691 356 743 tardum
366 697 447 759 juveni
458 691 499 743 det
507 696 551 743 tibi
564 710 655 743 nomen
670 696 716 745 avi.

176 810 881 903 4====Qm33==ss=v

343 984 598 1047 ELEGIA
638 985 712 1046 VI.

174 1074 336 1196 Tauron
347 1148 457 1198 rericolae
466 1150 558 1214 patiens
568 1147 596 1197 fit
606 1164 685 1199 taurus
696 1147 785 1208 aratri,

204 1224 294 1274 Praebet
304 1229 329 1275 dt
340 1229 440 1276 incurvo
448 1226 513 1275 eolla
525 1224 655 1291 premenda
666 1229 733 1290 jugo.

174 1300 291 1365 Tempore
305 1318 371 1366 paret
385 1318 460 1368 equus
474 1302 544 1352 lentis
554 1304 675 1352 animosus
685 1304 801 1363 habenis,

206 1379 236 1428 Et
248 1377 345 1443 placido
359 1378 432 1429 duros
443 1382 530 1446 accipit
542 1396 584 1429 ore
600 1380 687 1445 lupos..
775 1420 778 1427 .

175 1455 293 1520 Tempore
310 1457 440 1507 Poeuorum
450 1460 610 1523 compescitur
622 1460 657 1507 ira
667 1456 782 1515 leonum
908 1495 919 1538 5

205 1533 257 1583 Nec
269 1533 349 1583 feritas
358 1538 459 1594 animo,
470 1551 523 1601 quae
536 1535 665 1595 mirante,
682 1551 773 1585 manet.

174 1612 280 1678 Quzque
294 1614 330 1661 sui
339 1615 438 1663 monitis
447 1613 598 1679 obtemperat
608 1612 668 1663 Inda
677 1614 785 1678 Magistri

135 1731 138 1735 .
204 1690 304 1750 Beiiua,
314 1691 435 1741 servitium
443 1704 550 1757 tempore
559 1694 620 1741 vitia
630 1692 702 1741 subit.

174 1769 291 1834 Tempus,
305 1782 333 1818 ut
340 1771 440 1819 extentis
451 1784 543 1818 tumeat
554 1770 613 1820 facit
623 1786 669 1819 uva
678 1774 793 1829 racemis,

205 1846 299 1912 Vixque
311 1861 404 1896 merum
413 1850 509 1912 capiant
518 1863 608 1912 grana,
620 1846 686 1913 quod
698 1851 761 1897 intus
773 1850 869 1902 habent,
909 1872 937 1904 ro

174 1924 281 1988 Tempus
294 1927 320 1973 it
329 1925 355 1971 in
365 1939 435 1973 canas
445 1926 526 1972 semen
535 1923 648 1989 producit
660 1926 756 1986 aristas,
815 1946 820 1953 ·

206 2002 238 2052 Et
247 2018 277 2051 ne
284 2004 332 2050 sint
343 2001 401 2050 tristi
409 2018 482 2065 poma
489 2004 571 2066 sapore
583 2002 649 2051 facit.

173 2081 230 2133 Hoc
242 2094 324 2130 tenuat
332 2079 431 2129 dentem
441 2093 513 2129 terras
523 2082 661 2129 renovantis
673 2085 743 2129 aratri
752 2100 758 2129 r

207 2160 262 2210 Hoc
273 2155 360 2224 rigidae
371 2157 463 2215 silices,
474 2157 521 2204 hoc
531 2154 658 2207 adamanta
668 2160 732 2207 terit.

171 2240 230 2308 'Hoc
244 2242 317 2288 etiam
329 2238 399 2287 saetas
410 2233 527 2300 paulatim
537 2235 636 2301 mitigat
647 2238 707 2284 iras:
911 2270 935 2311 ¹5

207 2318 262 2367 Hoc
275 2317 363 2365 minuit
377 2313 452 2361 ludius
463 2346 473 2372 ‚
483 2312 610 2378 maestaque
620 2310 693 2363 corda
702 2314 774 2364 levat.

173 2395 269 2449 Curtiis
279 2392 356 2459 potest
365 2394 438 2456 igitur
447 2393 521 2439 tacito
529 2388 590 2455 pede
599 2389 663 2455 lapsa
669 2394 787 2453 vetustas,

207 2476 295 2523 Praeter
305 2470 379 2537 quim
392 2484 459 2517 curas
471 2482 594 2517 attenuare
600 2484 675 2520 meas.

171 2551 209 2601 Ut
218 2548 295 2615 patrii
306 2563 392 2619 careo,
404 2547 438 2593 bis
449 2544 555 2609 frugibus
565 2562 618 2594 area
628 2550 684 2597 trita
694 2549 744 2609 est,

207 2626 320 2677 Dissiluit
328 2623 395 2674 nudo
405 2622 480 2689 preffa
491 2626 526 2672 bis
536 2641 583 2675 uva
592 2625 660 2689 pede.

172 2704 230 2756 Nec
237 2704 335 2769 quesita
346 2716 425 2750 tamen
435 2703 510 2765 spatio
522 2704 636 2765 patientia
646 2703 720 2769 longo
732 2706 778 2761 est,

208 2781 328 2844 Mersaque
339 2777 397 2826 maii
407 2779 499 2827 sensum
510 2778 588 2827 nostra
599 2784 699 2830 recentis
711 2785 792 2833 habet.

172 2858 274 2912 Scilicet
284 2860 309 2905 dt
319 2870 410 2905 veteres
417 2854 513 2920 fugiunt
523 2859 579 2920 juga
590 2873 661 2907 curva
671 2862 781 2923 iuvenci3

207 2937 242 2987 Et
252 2935 359 2985 domitus
370 2933 438 2982 freno
448 2934 508 2999 saepe
518 2949 633 2998 repugnat
644 2953 727 3003 equus.

173 3015 280 3067 Tristior
290 3011 323 3061 est
333 3014 406 3062 etiam
415 3012 514 3077 presens
521 3027 627 3063 erumna
637 3019 729 3080 priore:
911 3039 938 3080 2,-

210 3093 280 3142 Tom-
295 3090 345 3140 Ι-ΙΙ.
775 3095 797 3145 L
