2325 3959
254 403 323 467 324
400 378 442 450 P.
463 382 617 447 Otrnrr
637 368 832 449 anonrs

287 504 350 550 Scire
366 514 446 551 tamen
456 506 584 567 possimos
596 498 729 551 meminiffe
744 504 790 549 tui.

224 588 235 633 5
255 581 366 630 Nominis
376 595 430 629 ante
442 586 490 629 mei
501 585 597 630 veniant
607 581 696 629 oblivia
709 580 778 627 nobis
789 613 798 638 ‚

287 660 382 707 Pedore
390 658 464 724 qudm
475 664 549 723 pietas
559 662 590 707 tit
601 674 640 707 tua
651 658 718 722 pulsa
731 673 796 705 meo.

253 738 285 787 Et
299 740 363 801 prins
377 740 438 785 hanc
449 741 553 785 animam
564 752 648 785 vacuas
660 732 785 783 reddemus
795 733 821 780 in
834 745 921 779 auras
930 763 946 789 ‚

287 816 368 875 Qudm
378 814 420 863 fiat
430 818 511 863 meriti
518 816 593 878 gratia
603 828 663 862 vana
679 815 723 861 tui.

255 892 350 943 Grande
362 910 424 941 voco
432 894 546 955 lacrymas
558 893 671 939 meritum
679 924 688 949 ‚
697 890 782 955 quibus
794 902 839 936 ora
849 884 994 949 rigabas,

208 982 237 1015 ¹0
286 970 351 1021 cnm
362 988 415 1019 tnta
424 985 537 1019 concreto
544 973 606 1018 sicca
617 968 700 1017 dolore
712 967 800 1015 forent.

254 1048 350 1099 Grande
361 1066 424 1097 voco
434 1051 546 1096 meritum
557 1082 566 1105 ,
586 1044 668 1095 rnaestae
685 1044 768 1093 solatia
779 1042 869 1089 mentis
881 1057 896 1097 ·,

285 1127 349 1178 Cum
358 1129 444 1191 paritet
457 1118 580 1174 nobis'illa
591 1125 682 1187 tibique
695 1118 769 1171 deret.

253 1206 341 1267 Sponte
352 1199 465 1265 quidem,
479 1216 520 1263 pet
528 1201 598 1263 seque
610 1213 663 1246 mea
675 1196 707 1243 est
718 1190 844 1243 laudabilis
856 1204 957 1246 uxor,

285 1278 418 1329 Admonitu
426 1277 512 1325 melior
520 1274 549 1324 fit
560 1290 640 1323 tamen
651 1272 694 1321 illa
705 1287 758 1319 tuo.

209 1371 234 1419 ις
254 1357 365 1422 Namque
373 1354 440 1421 quod
452 1355 592 1403 Hermiones
603 1352 688 1403 Castor
697 1348 755 1402 fuit,
763 1346 852 1395 Hestor
862 1343 947 1403 ltili,

285 1437 340 1485 Hoc
351 1451 398 1499 ego
408 1450 431 1483 te
443 1433 509 1481 laetot
520 1432 628 1495 conjugis
637 1424 682 1477 effe
693 1440 760 1475 nteae.

255 1513 314 1575 Quae
322 1529 351 1561 ne
361 1510 484 1561 dissimilis
495 1510 539 1558 tibi
549 1510 578 1556 tit
590 1508 709 1571 probitate
719 1536 727 1561 ,
739 1501 851 1557 laborat3

287 1592 362 1655 Seque
377 1594 413 1638 tui
424 1588 474 1637 vitd
482 1576 601 1649 sanguinis
612 1581 658 1633 effe
668 1582 763 1647 probat.

254 1668 334 1731 Ergo,
352 1665 418 1732 quod
433 1665 509 1714 fuerat
523 1662 623 1711 stimulis
634 1659 724 1709 rantra
735 1659 783 1705 sine
793 1653 850 1702 ullis
862 1688 874 1713 ,

207 1754 237 1785 20
288 1744 382 1792 Plenids
394 1745 513 1791 auctorem
528 1755 551 1789 te
566 1754 662 1804 quoque
677 1738 744 1785 uada
757 1734 825 1781 facit.

254 1822 332 1880 Ater,
352 1824 377 1869 δ(
395 1817 425 1868 ad
436 1818 604 1882 palmae·perse
617 1816 724 1863 cursurus
738 1814 861 1869 honores,

286 1903 310 1949 si
322 1914 400 1947 tamen
411 1898 528 1954 horteris,
544 1894 630 1944 fortior
639 1894 703 1946 ibit,
720 1904 802 1955 equus.

254 1975 336 2036 Adde,
356 1974 423 2042 quod
436 1976 537 2024 absentis
548 1972 605 2020 cord
616 1967 727 2019 mandata
742 1965 809 2015 fideli

285 2053 383 2103 Perficit
393 2087 403 2113 ‚
422 2056 446 2101 ὃ(
456 2050 551 2100 nullum
561 2050 622 2098 ferre
633 2049 734 2111 gravaris
745 2058 814 2093 onus.

207 2148 234 2191 25
255 2133 291 2181 0!
304 2131 407 2182 reserant
417 2144 493 2195 grates
505 2130 634 2193 ,quoniam
645 2118 822 2186 nonpoffumus
833 2120 882 2183 ipsi
889 2151 902 2175 ,

289 2208 322 2267 Di
341 2209 384 2257 tibi
396 2227 402 2255 ε
414 2210 456 2272 qui
465 2206 584 2263 referent,
596 2205 614 2253 si
624 2204 663 2265 pia
674 2199 735 2249 fodr
744 2196 836 2247 vident.

256 2286 407 2353 Sufficiatque
419 2283 461 2334 diu
469 2299 554 2347 corpur
564 2291 659 2347 quoque
668 2278 774 2325 moribus
787 2275 855 2333 istis,

287 2365 395 2417 Maxima
410 2360 518 2413 fundant
533 2359 628 2424 gloria,
647 2354 724 2415 Rufe,
742 2351 795 2401 soli.

552 2632 893 2859 ut.
