2325 3959
278 408 345 493 136
416 400 461 470 P.
483 402 640 471 Ovrmr
659 402 855 471 NAsours

307 523 352 572 Ille
360 525 500 573 mestremis
507 519 600 572 adverte
606 524 675 572 torsit
686 538 767 589 aquus.

226 596 349 652 ⁶⁴5Veuit
366 604 392 649 tr
411 599 525 660 Alcides,
545 600 617 650 tutbi
632 602 761 651 comitatus
778 598 884 649 Achivi.

307 672 413 737 Albula,
430 681 449 726 si
467 680 568 728 memini
575 712 585 739 ,
597 692 655 727 tuuc
667 680 728 729 mihi
738 694 827 727 nornen
839 690 904 727 erat.

274 750 370 820 Excipit
379 757 484 821 hospitio
491 760 602 821 juvenem
611 755 741 807 Pallantius
751 758 835 815 beros5

307 830 339 880 Et
350 830 447 882 tandem
458 832 527 883 Caco
538 831 620 883 debita
629 849 702 898 poeua
711 835 787 896 veuit.

274 907 358 959 Viaor
370 910 436 971 abit,
448 912 577 976 secumque
586 912 675 970 boves,
692 906 823 972 Erytheida
833 903 951 973 predam
960 941 974 965 ι

226 992 275 1049 ⁶50
306 986 425 1037 Absirahit
436 1006 442 1036 ε
452 1002 476 1037 tt
487 990 588 1037 comites
599 987 693 1053 longius
703 990 737 1037 ire
751 1001 848 1052 negant.

277 1064 415 1129 Magnaque
426 1080 479 1129 pars
489 1066 578 1113 borum
589 1062 686 1113 desertis
696 1078 792 1115 venerat
801 1064 872 1127 Argis
883 1078 893 1121 3

307 1140 434 1189 Montibus
444 1143 480 1189 his
490 1157 584 1206 ponunt
596 1143 708 1208 spemque
716 1141 848 1205 Laremque
859 1141 951 1190 suum.

276 1218 341 1283 Saepe
353 1232 432 1267 temen
446 1222 528 1284 petria
539 1217 605 1268 dulci
616 1233 744 1284 tanguntur
753 1234 834 1269 amore
846 1252 854 1277 ,

307 1297 387 1362 Atque
396 1296 482 1363 aliquis
491 1298 596 1346 moriens
607 1298 654 1346 hoc
665 1298 735 1347 breve
746 1292 845 1345 mandet
856 1311 932 1359 opus.

229 1376 258 1433 65
265 1384 273 1423 t
278 1374 370 1425 Mittite
382 1392 423 1425 tne
439 1376 538 1425 Tiberi:
552 1375 671 1423 Tiberinis
681 1376 760 1425 vesius
770 1371 876 1423 utuudis

308 1452 376 1502 litus
386 1449 417 1501 ad
428 1451 554 1503 Inachium
564 1452 643 1517 pulvis
655 1452 732 1503 inanis
744 1468 806 1500 erm.

276 1529 395 1595 Displicet
401 1528 483 1579 heredi
493 1527 602 1579 mandati
612 1545 669 1579 tura
681 1528 780 1593 sepulcri
790 1546 798 1587 ς

309 1608 422 1657 Mortuus
431 1607 538 1658 Ausonia
547 1605 660 1657 conditur
673 1607 757 1671 hospes
772 1608 858 1655 humo.

278 1685 373 1749 scirpea
382 1701 427 1749 pto
438 1682 540 1734 domino
551 1686 634 1733 Tiberi
646 1686 743 1749 jubetur
754 1686 852 1747 imago,

228 1769 276 1808 660
308 1760 345 1809 Ut
358 1776 448 1825 repetat
455 1761 538 1827 Grajes
549 1778 591 1826 per
601 1760 661 1811 sreta
672 1761 744 1827 longa
755 1758 852 1810 domos.

276 1838 410 1888 Hasienus:
422 1852 450 1887 ut
457 1841 513 1889 vivo
524 1839 596 1888 subiit
606 1841 712 1889 rotantia
722 1840 778 1887 sexo

308 1917 398 1977 Antra,
410 1915 473 1966 leves
483 1919 577 1966 cursum
589 1916 726 1967 sustinuistis
735 1932 810 1982 aquae.

276 1993 383 2046 CLARE
394 2011 469 2060 nepos
480 1995 600 2053 Atlantis,
613 1993 668 2044 ades
679 2014 685 2043 ι
698 2012 771 2061 quern
780 1992 905 2047 montibus
916 1992 988 2045 oiim

309 2069 393 2121 Edidit
410 2070 516 2122 Arcadiis
524 2072 602 2121 Pleias
612 2089 659 2123 unu
669 2073 733 2125 iovi.

228 2150 345 2214 665Pacis
355 2153 380 2200 δι
391 2158 513 2201 armorum
523 2151 612 2215 superis
620 2152 721 2217 imisque
730 2150 839 2200 Deorum

309 2229 421 2289 Arbiter,
438 2228 503 2279 alato
516 2231 558 2295 qui
570 2225 630 2293 pede
641 2232 716 2295 carpis
727 2232 780 2279 iter.

278 2306 341 2355 Laete
354 2307 410 2368 lytae
421 2306 506 2372 pulsu,
522 2304 600 2355 nitidi
612 2322 707 2373 quoque
719 2306 771 2356 laete
782 2304 887 2371 paiaestti
894 2322 905 2363 3

311 2383 367 2444 Quo
377 2382 533 2433 didicitculte
546 2383 627 2448 lingua
638 2383 732 2434 favente
740 2384 817 2450 loqui.

279 2461 382 2526 Templa
396 2463 440 2511 tibi
456 2464 554 2528 posuere
567 2462 647 2511 Patres
658 2463 785 2527 spesisntia
795 2459 895 2511 Circum

231 2561 278 2611 ⁶70
311 2537 391 2589 idibus
403 2558 409 2587 ε
421 2555 449 2588 ex
460 2539 504 2589 illo
513 2539 545 2588 est
555 2540 605 2587 haec
616 2538 660 2588 tibi
671 2538 728 2589 festa
737 2537 796 2589 dies.

279 2618 330 2678 Te,
342 2622 488 2685 quicumque
499 2619 550 2666 suos
560 2615 686 2682 profitetur
698 2615 801 2667 vendere
811 2631 920 2677 merces,

314 2696 378 2746 Ture
386 2695 443 2746 dato
456 2730 464 2755 ‚
476 2698 564 2745 tribuas
575 2709 602 2743 ut
613 2696 658 2744 sibi
669 2694 752 2754 lucra,
765 2708 843 2758 rogat.

277 2773 318 2822 Est
327 2789 389 2839 aqua
399 2773 528 2831 Mercurii,
543 2788 617 2837 portae
628 2773 707 2823 vicina
718 2771 838 2837 Capenae:

312 2852 337 2899 Si
344 2854 410 2915 juvat
421 2855 520 2913 expertis
529 2849 641 2905 credere.
649 2865 739 2899 numen
746 2850 826 2899 babet.

211 2935 213 2938 ’
232 2928 334 2981 ⁶isiiuc
344 2931 410 2977 veuit
420 2929 533 2977 incinctus
544 2932 635 2977 tunicas
645 2942 783 2985 mercatot3
794 2929 818 2975 δι
830 2924 890 2975 urud

314 3006 387 3054 Purus
400 3002 493 3065 suffita,
505 3023 577 3071 quam
586 3006 663 3067 serat,
675 3007 753 3055 haurit
764 3021 860 3071 aquam.

280 3081 335 3133 Uda
344 3080 370 3132 fit
381 3084 436 3132 hinc
447 3081 526 3154 laurus
535 3082 615 3135 siruto
626 3085 766 3150 sparguntur
776 3084 806 3134 rb
818 3080 866 3131 uda
