2325 3959
129 506 139 513 ¹
227 426 368 493 Errsr.
391 442 447 493 rx
470 424 624 512 Portro
647 421 685 488 L.
710 419 780 490 IV.
813 440 879 506 377

148 543 242 605 Quem
252 550 291 595 virt
303 548 419 620 incolumi
434 551 547 611 cuiquam
559 544 673 609 salvoque
684 539 791 602 daretis,

192 624 218 674 is
230 624 299 676 datus
310 627 401 677 avobis
411 626 443 675 est
453 627 513 673 mihi
524 640 598 688 nuper
609 624 696 669 honor.

151 702 233 750 Solus
244 702 321 753 adhuc
333 720 377 768 ego
389 705 440 753 sum
452 703 531 755 vestris
541 702 657 749 immunis
665 700 691 747 in
701 697 768 754 otis;

193 780 319 845 Exceptis,
330 785 349 831 ai
357 785 399 849 qui
410 797 508 830 munera
518 779 577 844 legis
585 778 682 827 habent.

152 856 285 921 Tempora
298 860 385 909 sacrati
397 876 449 909 mea
458 860 513 907 suut
522 857 602 905 velata
611 852 721 907 corona,
881 857 909 905 55

197 935 309 985 Publicus
321 940 397 989 invito
408 952 481 1003 quam
492 934 559 985 favor
569 934 694 997 imposuit.

155 1012 246 1073 Quam
255 1030 322 1079 grata
335 1016 448 1081 elligitur
463 1015 561 1063 Latonae
572 1011 644 1061 Delia
655 1008 747 1067 tellus,

194 1090 290 1141 Erranti
301 1108 379 1143 tutum
393 1108 445 1159 quae
459 1090 527 1143 dedit
537 1106 584 1139 uua
595 1088 695 1143 locum3

157 1169 227 1218 Tam
241 1173 302 1219 mihi
315 1187 369 1221 cara
383 1171 484 1229 Tomis,
497 1168 573 1234 patriti
583 1182 636 1232 quae
648 1162 702 1214 sede
712 1160 801 1227 fugatis

195 1248 302 1312 Tempus
313 1246 344 1299 ad
355 1250 401 1297 hot
413 1248 482 1296 nobis
495 1247 591 1310 hospita
600 1241 650 1292 fida
662 1253 753 1291 manet.
884 1234 915 1277 6⁰

157 1320 199 1370 Di
209 1321 286 1371 modu
296 1320 420 1371 fecilsentl
433 1319 532 1385 placidae
542 1322 607 1384 spem
619 1312 696 1383 pollet
706 1315 793 1365 habere

196 1400 279 1461 Pacis,
291 1404 315 1451 st
328 1397 433 1465 agelido
444 1397 538 1463 lougius
548 1413 592 1447 axe
602 1395 678 1445 soret.

168 1527 879 1601 amzaewez-ss-zv

148 1764 155 1767 .
288 1667 754 1737 EPISTOLAXV.

216 1821 446 1884 SEXTO
487 1811 821 1883 POMPEIO.

163 1938 204 2059 S
219 2027 227 2058 t
239 2012 293 2076 quit
302 2008 381 2062 adhuc
393 2026 493 2079 utquam
502 2009 575 2059 nostri
590 2023 641 2057 uon
650 2006 779 2055 immernor
791 1998 879 2056 exstat,

194 2088 291 2149 Quidve
301 2089 491 2155 relegatusNaso
502 2124 509 2149 ,
522 2090 636 2154 requirit,
648 2100 734 2150 agunt

161 2165 296 2217 Cesaribus
306 2171 397 2229 vitam,
410 2170 482 2218 Sexto
493 2167 579 2217 debete
590 2166 692 2215 salutem

120 2250 123 2255 '
194 2244 237 2293 Me
249 2247 322 2296 sciat:
336 2264 350 2296 a
361 2251 454 2314 Superis
465 2250 503 2297 hic
514 2248 574 2295 mihi
586 2245 676 2309 primus
687 2242 741 2288 erit.

164 2323 287 2388 Tempora
297 2341 354 2375 uam
365 2328 454 2376 misera
466 2324 610 2391 complestar
621 2337 648 2370 ut
658 2320 741 2369 omnia
751 2317 824 2377 vita,
899 2339 910 2384 5

195 2403 215 2452 A
232 2406 323 2452 meritis
339 2408 388 2470 ejus
401 2422 453 2469 pars
467 2408 528 2454 mihi
543 2402 698 2452 uullavatat.

161 2480 223 2541 Quae
233 2498 334 2532 numero
347 2485 463 2542 tursum,
474 2499 534 2549 quot
545 2484 571 2531 in
582 2484 654 2531 hotto
666 2480 750 2531 fertilis
761 2480 811 2527 arvi

194 2561 283 2609 Punica
295 2561 336 2607 sub
348 2560 414 2607 lento
425 2564 512 2609 corrice
524 2576 596 2623 grana
607 2563 702 2610 rubent.

160 2640 243 2690 Africa
257 2652 319 2703 quot
330 2639 432 2700 segetes,
445 2651 505 2700 quor
516 2637 615 2685 Tmolia
625 2652 686 2686 terta
698 2654 804 2686 racemos
814 2636 835 2696 ,’
851 2691 857 2701 x
875 2648 878 2653 '
912 2678 915 2685 .

125 2732 127 2736 ’
195 2720 263 2779 Quot
274 2719 362 2777 Sicyon
372 2717 471 2771 bareas,
487 2728 547 2777 quot
558 2716 619 2775 parit
630 2714 710 2775 Hybla
721 2715 797 2763 favos.
878 2728 908 2763 re
958 2716 961 2722 “

160 2795 298 2849 Confiteor.
311 2792 405 2841 Testere
417 2792 474 2840 licet
485 2809 491 2839 ε
503 2794 594 2855 signate
605 2791 718 2849 Quirites.

127 2889 130 2894 '
193 2882 236 2931 Nil
247 2896 306 2944 opus
320 2880 352 2927 est
362 2877 443 2943 legum
455 2880 545 2927 viribus
558 2896 564 2925 ι
575 2879 625 2942 ipse
636 2877 734 2947 loquur.

161 2962 227 3011 Inter
240 2974 297 3023 opes
308 2961 331 3006 ὅ(
344 2974 400 3016 me,
412 2974 462 3005 rem
471 2974 584 3021 parvam,
597 2973 660 3021 poue
670 2971 778 3021 paternae
790 2973 796 3005 t

196 3039 251 3085 Pars
263 3052 307 3100 ego
319 3038 364 3085 rim
374 3034 456 3085 certetis
467 3035 686 3101 quantulacumque
697 3038 741 3084 tui.

162 3116 245 3182 Quint
256 3129 297 3166 tua
306 3114 429 3169 Trinacria
439 3115 488 3179 est,
500 3129 646 3183 regnataque
656 3129 718 3169 terra
727 3112 853 3180 Philippo,
879 3140 907 3191 ¹5
