2325 3959
228 448 534 515 Frsroarrrr
562 384 667 501 ira.
695 424 763 504 ΙΙ,
800 443 843 506 4¹

165 568 258 619 Μαικία
269 588 275 617 r
288 582 313 617 ru
325 562 421 615 dederas
432 552 589 611 transilienda
597 553 685 601 Remo.

133 649 171 699 Te
184 647 281 701 Tatius,
293 646 406 711 parvique
416 638 511 695 Cures,
528 633 677 694 Caeninaque
688 623 776 674 senaitr

168 726 220 775 Hoc
234 724 321 781 Duce,
336 722 474 769 Romanurn
488 713 519 761 est
532 710 588 759 solis
600 719 728 769 utrumque
739 700 811 749 latus.

135 801 175 850 Tu
188 801 258 849 breve
268 798 349 847 nescio
360 789 420 859 quid
427 790 493 839 visite
505 784 600 835 telluris
608 780 726 830 habebas-r

85 896 94 915 ¹
170 874 346 939 Quodcumque
356 870 390 920 est
400 868 450 920 alto
463 866 504 915 sub
514 866 573 915 Jove
585 896 593 922 ,
607 857 688 909 Caesar
697 852 779 901 habet.

138 956 176 1005 Tu
185 957 247 1020 rapis
256 970 264 1013 ς
275 955 313 1002 hic
323 949 408 1003 casias,
418 946 479 997 duce
489 946 530 1005 se,
541 932 663 1009 iubetelie
674 933 779 983 maritat.

853 607 896 661 ¹35

169 1032 207 1083 Tu
218 1034 302 1097 recipis
312 1030 386 1088 luco,
400 1026 527 1075 submovet
537 1020 579 1071 ille
590 1016 666 1067 nefas.

135 1112 180 1163 Vis
199 1112 243 1161 ribi
255 1124 322 1176 grata
333 1107 380 1157 suit
390 1124 396 1155 r
406 1102 494 1154 florent
508 1100 550 1150 sub
561 1095 655 1149 Caesare
665 1091 739 1157 leges.

138 1236 142 1243 ,
167 1191 206 1239 Tu
216 1188 318 1238 Domini
329 1198 434 1242 nornen,
448 1180 564 1243 Principia
574 1175 617 1224 ille
629 1183 705 1221 tenet.

136 1270 173 1319 Te
182 1270 269 1317 Remus
280 1265 388 1321 incusat,
399 1262 495 1311 veniam
506 1253 573 1305 dedit
584 1250 693 1318 hostibus¹
702 1242 754 1294 ille.

169 1338 299 1391 Corlestem
310 1336 368 1386 fecit
380 1350 403 1383 te
414 1334 483 1381 Pater
490 1364 498 1390 ,
511 1327 553 1377 ille
563 1327 670 1375 Patrem.

136 1418 148 1467 J
151 1416 199 1465 AM
210 1430 268 1479 puer
279 1411 354 1461 ldaeus
366 1406 448 1457 medii
458 1420 526 1455 tenus
537 1404 627 1451 eminet
637 1398 712 1455 alvo,
793 1425 797 1431 -
888 1421 891 1424 v

170 1493 202 1542 Et
212 1487 332 1556 liquidas,
345 1488 425 1535 mixto
434 1483 539 1540 uesiare,
552 1474 634 1527 fundit
645 1488 727 1540 aquas.
747 1515 750 1517 ,

138 1570 275 1628 Euersam,
288 1568 307 1617 si
319 1566 371 1631 quia
380 1562 473 1613 Borean
482 1560 579 1607 horrere
587 1553 693 1611 solebat,

171 1642 280 1697 Gaudeat
288 1662 295 1693 r
304 1660 317 1692 a
329 1641 444 1707 Zephyris
455 1635 555 1687 mollior
566 1649 622 1683 aura
632 1632 709 1681 venit·

139 1721 288 1788 QUINTUS
299 1721 328 1770 ab
338 1718 454 1783 aquoreir
464 1711 571 1764 nitidum
580 1711 648 1777 jubar
657 1704 743 1757 extulit
753 1700 823 1754 undis

170 1800 284 1859 Lucifer,
296 1801 320 1849 δι
332 1798 404 1862 primi
415 1806 523 1857 tempora
531 1791 666 1840 verirennt.

138 1878 178 1933 Ne
188 1877 272 1927 fallare
283 1890 380 1933 tamen,
392 1870 479 1921 restant
489 1870 532 1918 tibi
543 1866 634 1931 frigora
643 1884 650 1913 r
660 1864 764 1923 restant,

171 1956 309 2019 Magnaque
320 1946 441 1999 discedens
450 1950 517 2011 signa
528 1944 643 2008 relinquit
652 1944 740 1991 hiems·

136 2031 262 2084 *TERTIA
273 2044 322 2079 nox
333 2028 415 2077 veniat
422 2042 428 2071 r
436 2020 568 2074 Custodem
579 2022 688 2085 protinus
697 2018 765 2067 Ursae

110 2152 127 2160 ..
174 2110 279 2173 Aspicies
290 2107 399 2171 geminos
409 2096 531 2151 exseruisse
541 2096 623 2163 pedes.

139 2188 204 2241 luter
215 2180 396 2245 Hamadryadas
404 2178 617 2246 iaculatricemque
627 2173 732 2225 Dianam

173 2264 276 2317 Callisto
287 2263 346 2310 sacri
356 2276 410 2325 pars
422 2256 468 2306 suit
477 2272 523 2305 una
531 2256 610 2303 chori.

139 2344 185 2398 Illa
203 2343 261 2394 Deae
272 2355 370 2405 tangens
382 2353 467 2396 arcus,
479 2334 546 2394 Quos
558 2334 695 2396 tangimur,
707 2343 792 2389 arcus,

174 2424 227 2473 Este
244 2436 303 2470 mere
315 2418 382 2469 testes
396 2416 558 2479 virginitatis,
578 2414 620 2460 air.

140 2502 251 2566 Cynthia
264 2494 388 2553 laudavit,
401 2486 563 2555 Promiffaque
574 2485 666 2538 ferdera
677 2488 761 2547 serva,

173 2580 207 2629 Et
216 2578 334 2627 comitum
346 2574 454 2639 princeps
465 2585 491 2619 ru
502 2570 580 2626 mihi,
599 2565 676 2625 dixit,
689 2568 744 2613 eris.

122 2716 125 2721 ,
141 2654 244 2711 Foedera
253 2648 379 2710 seruasset,
391 2652 410 2698 si
420 2664 470 2700 nou
481 2647 588 2698 formosa
596 2642 685 2696 suisset.

177 2733 251 2784 Cavit
262 2728 390 2785 mortales,
402 2726 431 2777 de
442 2726 501 2775 Jove
513 2726 605 2777 crimen
615 2723 696 2775 habet.

143 2811 217 2868 Mille
232 2808 292 2857 ieras
303 2806 390 2856 Phoebe
406 2805 471 2852 siluis
486 2816 572 2853 venata
585 2797 698 2856 redibat,

179 2892 227 2940 Aut
238 2886 308 2952 plus,
321 2897 361 2933 aut
373 2880 480 2931 medium
492 2880 542 2929 sole
554 2892 649 2927 tenente
661 2875 738 2929 diem.

141 2969 180 3025 Ut
194 2967 276 3031 tetigit
285 2962 385 3019 lucum,
396 2957 469 3009 densi
479 2960 545 3023 niger
555 2956 611 3015 ilice
621 2956 687 3006 lucus
696 2990 707 3017 ,

178 3048 207 3097 in
217 3040 299 3093 medio
309 3036 396 3107 gelida
408 3036 462 3089 sons
472 3051 521 3085 erat
531 3035 592 3084 altus
603 3051 682 3100 aque.

144 3126 216 3185 idac,
228 3124 277 3186 ait,
289 3122 315 3173 in
326 3116 385 3173 silva
390 3150 400 3180 2
410 3117 479 3189 uirgo
491 3114 591 3190 Tegea,
602 3112 719 3168 lavemur.
