2325 3959
159 368 167 421 7
223 387 749 483 Er'rsr.ex?r³ouroz.1'rr.
796 411 862 497 339*

186 536 283 586 Auscii
300 552 380 601 carpas
401 548 466 599 pane
488 532 568 584 relicta
586 549 668 582 manu.

156 615 219 675 Quid
236 620 342 674 mirum,
361 615 425 663 ienis
439 608 549 661 ex'hauiio
566 610 665 661 floribus
680 614 768 673 horto,

188 696 210 743 si
228 694 294 743 Duce
313 709 362 743 non
383 692 443 741 facia
460 692 492 739 est
512 688 584 754 digna
602 705 691 739 corona
711 692 767 742 suoi

158 757 292 836 Deprecor,
311 775 361 821 haec
379 784 461 819 vatum
477 784 562 817 contra
576 769 617 817 sua
634 770 740 816 carmina
755 784 784 815 ne
799 771 851 833 quis
886 774 916 827 65

189 849 257 898 Diua
274 863 340 913 putet
361 867 367 895 r
389 865 432 913 pro
450 848 472 894 se
490 846 560 895 Musa
577 845 659 897 locuta
677 862 730 897 mea
749 846 790 893 est.

158 926 214 975 Sunt
231 929 290 975 mihi
307 927 430 976 vobiscum
449 926 588 973 communia
602 926 684 983 sacra,
696 928 787 990 po‘t't23

190 1006 216 1075 In
235 1004 312 1057 vestro
327 1004 417 1073 miseris
434 1005 453 1051 si
471 1000 528 1051 licet
541 998 588 1049 effe
605 1003 690 1051 choto.

159 1083 293 1149 Magnaque
312 1098 364 1147 pars
380 1084 465 1132 anima
488 1096 583 1129 mecum
602 1078 710 1139 vixistis,
731 1082 822 1128 amici:

192 1161 241 1210 Hac
258 1176 303 1225 ego
319 1176 369 1209 non
387 1160 469 1207 absens
483 1175 526 1208 vos
544 1174 641 1223 quoqne
659 1172 724 1222 parte
740 1158 806 1207 coio.
890 1169 921 1211 70

160 1238 210 1287 Sint
225 1241 298 1301 igitur
310 1237 387 1287 vestro
403 1252 457 1284 mea
476 1232 670 1288 commendanda
688 1240 765 1285 innoti

192 1314 326 1374 Carmina,
343 1327 393 1363 non
410 1309 505 1377 possum
517 1328 561 1375 pro
573 1313 659 1378 quibus
675 1315 724 1377 ipse
739 1312 815 1378 ioqui.
866 1329 868 1334 ·
960 1303 966 1313 ²

162 1394 251 1455 Scripta
262 1390 357 1455 placent
366 1407 379 1439 a
388 1404 467 1439 morte
478 1388 526 1437 ferd
537 1407 544 1437 r
554 1392 612 1455 quia
621 1387 706 1439 laedere
716 1394 784 1440 vivos

194 1468 284 1529 Livor,
301 1471 326 1517 &
343 1467 431 1533 injusto
446 1482 540 1531 carpere
556 1464 629 1515 dente
643 1467 712 1516 solet.

163 1546 186 1595 Si
197 1562 270 1611 genus
281 1546 312 1593 esi
322 1548 406 1594 mortis
418 1542 481 1593 ruald
491 1547 586 1602 vivete·;
598 1560 660 1593 tetra
670 1562 793 1607 moratur,
892 1557 921 1604 75

195 1622 226 1673 Et
245 1620 329 1672 desunt
346 1622 402 1671 fatis
419 1622 470 1672 sola
488 1620 594 1686 scpulcra
610 1625 679 1674 meis.

124 1750 126 1754 ,
162 1700 273 1765 Denique
290 1716 349 1767 opus
369 1700 453 1749 nostra
467 1699 575 1766 culpetur
590 1715 617 1749 ut
628 1698 734 1767 undique
748 1718 828 1763 carre,

196 1776 309 1827 Officium
328 1794 400 1828 nemo
418 1781 460 1845 qui
476 1777 633 1843 reprehendat
647 1783 701 1830 erit·
750 1829 752 1832 .

162 1856 198 1907 Ut
218 1856 296 1907 desint
314 1859 392 1915 vires,
410 1870 491 1907 tamen
504 1856 536 1905 est
551 1854 670 1905 laudanda
681 1857 808 1907 voluntat:

196 1935 248 1983 Hac
263 1950 309 1998 ego
326 1948 451 1983 contentos
469 1949 571 1997 auguror
589 1930 636 1981 effe
653 1933 727 1982 Deos.
896 1931 927 1979 8⁰

164 2008 227 2063 Haec,
239 2010 317 2069 facit,
336 2024 363 2059 ut
379 2012 460 2059 veniat
473 2025 562 2074 pauper
575 2025 672 2075 quoque
683 2027 762 2075 gratus
772 2010 802 2060 ad
814 2029 878 2067 aras,

199 2088 230 2137 Et
239 2087 332 2153 placeat
342 2089 402 2155 caeso
412 2104 462 2141 non
472 2086 551 2136 minis
564 2103 626 2151 agna
637 2087 706 2137 bove.

166 2168 213 2216 Res
231 2159 327 2231 quoque¹
342 2178 408 2214 tanta
425 2164 485 2225 suit,
505 2180 600 2231 quantae
616 2165 736 2234 subsistere
747 2167 841 2215 summo

200 2242 316 2293 AEneidos
326 2246 377 2292 vati
388 2241 478 2308 grande
489 2239 570 2293 fuisset
583 2259 653 2293 anus.

166 2324 236 2373 Ferre
253 2324 325 2371 etiam
346 2319 432 2371 moises
453 2321 513 2385 elegi
532 2336 583 2370 tam
600 2321 663 2371 vasta
681 2321 796 2386 triumphi
897 2322 925 2384 85

200 2398 312 2450 Pondera
325 2397 455 2465 disparibus
474 2415 523 2447 non
537 2412 636 2463 potuere
653 2401 723 2447 rotie.
845 2397 853 2413 ⁸

167 2472 224 2540 Q'no
244 2476 303 2543 pede
321 2468 383 2525 nunc
398 2492 468 2535 utar,
486 2474 558 2525 dubia
576 2476 609 2525 est
627 2467 742 2540 sententia
759 2476 837 2525 nobis.

100 2552 101 2559 ¹
202 2555 269 2603 Alter
288 2556 352 2602 enirn
366 2550 396 2601 de
415 2568 458 2612 te,
476 2554 558 2602 Rhene
572 2587 579 2612 ,
593 2557 727 2619 triumphus
745 2552 817 2602 adest.

169 2632 241 2681 Irrita
259 2646 370 2680 verorum
389 2646 439 2679 non
456 2631 510 2679 sunt
527 2631 638 2695 praesagia
648 2646 748 2680 vatumz

203 2707 292 2758 Danda
307 2709 362 2756 Jovi
380 2707 475 2766 laurus,
491 2704 550 2755 dum
561 2709 626 2770 prior
635 2707 677 2756 illa
688 2712 757 2758 viret.
901 2737 934 2780 ,ο

171 2786 223 2839 Nec
242 2802 295 2835 mea
308 2786 379 2835 verba
394 2784 469 2849 legis,
490 2786 532 2849 qui
550 2783 737 2835 sum'submotus
748 2784 779 2835 ad
789 2786 886 2841 Istrum,

206 2864 266 2915 Non
277 2864 335 2911 bene
347 2865 435 2927 pacatis
447 2860 546 2909 flumina
558 2875 616 2925 pota
627 2862 694 2931 qus
707 2882 712 2911 :

169 2944 215 2995 Ista
232 2942 279 2990 Dei
297 2956 343 2989 vox
360 2938 392 2989 est
410 2958 416 2988 ι
433 2938 499 2988 Deus
516 2937 590 2987 estin
606 2940 699 3004 pedore
716 2938 797 2989 nostro
815 2958 822 2989 ε

206 3020 266 3071 Haec
285 3016 344 3067 duce
363 3015 466 3083 praedico
483 3018 647 3084 vaticinorque
661 3018 725 3067 Deo.

162 3094 243 3159 ¹Quid
257 3094 329 3147 cessas
346 3112 447 3147 currum·-
457 3112 618 3163 pompamque
631 3107 715 3162 parare
727 3089 883 3215 tpritpnrphis‘,¹
904 3119 935 3168 95

766 3181 785 3231 ¹1
