2325 3959
279 339 548 406 Tursrruir
581 332 680 426 Lru.v
710 332 780 398 ΙΙΙ.
821 352 903 414 217·

209 456 293 508 Coesar
304 456 330 506 in
339 459 387 507 hoc
398 457 477 522 potuit
488 456 545 518 juris
554 453 640 501 habete
647 451 718 501 nihil.

148 582 149 587 ,
178 534 286 594 Quilibet
293 537 354 584 hanc
363 537 424 584 saevo
434 536 509 582 vitam
517 531 578 580 mihi
590 528 658 579 finiat
668 532 737 588 ense;

211 614 252 662 Me
264 627 344 664 tamen
354 613 466 660 exstineto
477 611 541 660 fama
555 608 666 674 superstes
677 612 731 658 erit.
913 616 950 661 50⁴

178 683 292 756 Dumque
303 693 348 740 suis
359 692 441 739 viurix
452 703 550 737 omnem
561 683 591 734 de
602 687 724 736 montibus
733 685 817 736 orbern

210 768 341 831 Prospiciet
353 763 474 816 domitum
485 766 573 814 Martia
584 765 680 820 Roma,
692 763 765 827 legar.

181 845 218 894 Tu
228 860 342 909 quoque,
358 861 431 912 quam
445 843 514 893 studii
531 856 627 892 maneat
637 841 733 890 felicior
742 843 795 889 usus
807 860 813 888 e

212 920 298 988 Effuge
309 937 420 973 venturos
425 957 434 984 ,
450 923 502 988 qul·
509 913 594 987 potes,
608 935 682 986 usque
692 935 773 986 rogos.

201 1049 889 1124 *fflfflsskm-e'

313 1171 573 1234 ELEGIA
612 1172 757 1234 VIII.

181 1261 307 1384 Nunc
315 1349 360 1398 ego
367 1333 511 1400 Triptolemi
519 1350 630 1398 cuperem
639 1333 798 1385 conscendere
808 1347 898 1391 currus

215 1409 302 1458 Misit'
295 1427 320 1458 ru
332 1415 441 1474 ignotam
451 1427 492 1477 qut
486 1405 562 1460 'ru'de
573 1414 653 1461 semen
662 1417 777 1461 humum:

184 1488 256 1538 Nunc
270 1505 315 1552 ego
331 1486 423 1538 Medeae
433 1489 522 1538 vellem
536 1489 630 1538 frenare
640 1488 773 1549 dracones,
797 1510 799 1513 ·

218 1565 285 1626 Quos
296 1567 379 1614 habuit
394 1566 488 1630 fugiens
498 1583 550 1615 arte
561 1601 569 1625 ‚
581 1565 714 1621 Corinthe,
728 1568 785 1616 tui:
959 1623 962 1627 ¹

184 1643 256 1694 Nunc
272 1661 317 1709 ego
334 1643 453 1710 jallandas
464 1660 573 1710 optarem
585 1646 676 1695 sumere
690 1661 793 1710 pennas,
921 1654 932 1697 5

217 1724 270 1771 Sive
282 1739 332 1772 tuas
343 1757 352 1779 ‚
371 1723 469 1782 Perseu3
484 1721 598 1783 Daedale,
612 1726 661 1773 sive
672 1738 723 1772 tuas
735 1743 741 1770 ε

184 1800 236 1859 Ut,
255 1801 334 1850 teneri
347 1801 431 1850 nostris
443 1791 542 1850 cedente
552 1801 673 1851 volatibus
683 1801 755 1861 auri,
839 1803 843 1808 '

216 1881 351 1944 Aspicerern
363 1882 445 1944 patrire
453 1877 523 1928 dulce
533 1894 629 1943 repente
640 1879 734 1930 solum:

185 1958 338 2023 Desertaeque
352 1953 440 2004 domlrs
455 1955 568 2015 vultum,
581 1973 747 2020 memoresque
756 1953 867 2016 sodales,

220 2035 329 2100 Curaque
340 2033 455 2099 precipue
470 2036 578 2097 conjugis
587 2049 630 2081 ora
638 2035 707 2080 rnihi.
921 2049 950 2082 re

187 2112 264 2164 Stulte
276 2146 284 2172 ,
301 2109 401 2176 quido!
415 2110 498 2158 frustra
507 2113 571 2158 votis
581 2110 712 2174 puerilibus
723 2125 810 2174 optas,

219 2191 279 2252 Quae
290 2205 339 2238 non
350 2188 400 2237 ulla
411 2187 466 2236 tulit
477 2223 484 2247 ,
496 2187 607 2253 fertque,
623 2187 729 2253 feretque
741 2185 809 2236 dies?

187 2271 212 2319 Si
225 2266 296 2317 semel
308 2265 441 2334 optandum
458 2268 508 2326 est,
522 2263 652 2330 ¹Augustum
663 2282 752 2315 numen
763 2264 837 2316 adora
847 2285 853 2314 e

219 2348 250 2396 Et
260 2363 332 2412 quem
343 2345 418 2394 lesisti
432 2379 439 2404 ,
451 2347 496 2393 rite
507 2360 616 2408 precare,
633 2343 723 2393 Deum.

185 2424 230 2474 llle
242 2427 286 2474 tibi
298 2440 432 2490 pennasque
442 2421 519 2488 potest
530 2438 657 2487 currusque
667 2423 778 2471 volucres
852 2459 854 2461 .
924 2427 949 2470 ¹5

221 2501 325 2552 Tradere
337 2521 343 2550 e
356 2501 397 2550 det
407 2499 527 2560 reditum,
545 2503 653 2565 protinus
664 2500 712 2549 ales
722 2503 776 2550 eris.

191 2582 214 2629 si
230 2595 310 2644 precer
321 2581 387 2636 haec,
406 2581 557 2643 nequeenim
572 2580 660 2642 possim
673 2583 764 2644 maJora
778 2582 888 2643 precati,

223 2657 262 2707 Ne
273 2673 325 2706 mea
335 2660 382 2704 sint
389 2659 464 2704 timeo
473 2671 530 2704 vota
541 2653 647 2704 modesta
657 2672 752 2720 parurn.

191 2736 299 2785 Forsitan
311 2735 356 2784 hoc
368 2734 427 2782 olim
440 2767 447 2791 ,
464 2732 518 2782 crim
535 2733 557 2780 se
569 2735 689 2781 satiaverit
698 2736 748 2792 ira,

153 2841 154 2844 =
224 2811 289 2860 Turn
305 2827 400 2876 quoque
412 2809 506 2858 soliciti
521 2811 601 2858 mente
615 2808 733 2874 rogandus
745 2815 804 2861 etit.'

193 2887 266 2949 Quod
281 2892 360 2936 minus
371 2891 460 2937 interea
473 2887 521 2948 est,
534 2887 604 2936 instar
615 2890 675 2937 mihi
689 2880 792 2940 muneris
802 2893 893 2958 ampli,

225 2967 259 3016 Ex
275 2969 310 3014 his
322 2984 359 3014 me
370 2967 450 3032 iubeat
459 2965 568 3031 quolibet
578 2968 612 3013 ire
624 2964 692 3014 lotis.

193 3045 245 3096 Nec
257 3045 363 3102 cerium,
377 3063 421 3094 net
433 3060 498 3112 aquae
512 3043 614 3108 faciunt,
629 3061 672 3094 net
683 3061 755 3109 terra,
771 3063 814 3097 nec
826 3062 906 3109 autre,

233 3125 298 3180 Tum.
311 3125 361 3181 Ill.
771 3127 799 3182 K
