2325 3959
240 410 722 485 Tutsrrvrtltn.V.
781 425 845 483 261
911 436 935 453 ·=

131 566 845 623 ‹zasswflmw-
929 616 931 619 .
984 555 985 560 l

310 701 565 765 ELEGIA
606 706 680 767 Vl.

132 789 218 911 Tu
234 878 332 929 quoque
342 861 475 912 nostrarum
486 864 611 929 qnondam
627 864 715 915 fiducia
725 885 803 917 terum
814 904 821 929 ‚
902 930 904 933 Ι

168 938 220 999 Qui
230 942 291 988 mihi
301 940 457 1004 confugium,
468 946 510 1007 qui
522 946 583 992 milti
595 960 679 1007 portus
691 963 739 994 ctas
750 964 757 1004 3

131 1016 174 1064 Tu
185 1014 264 1065 modi>
276 1018 377 1081 suscepti
387 1022 483 1068 causam
494 1018 596 1069 dimittis
608 1026 679 1071 amici
690 1028 698 1072 i

169 1092 302 1159 Officiique
310 1098 378 1160 pium
389 1110 440 1144 tam
451 1095 502 1146 citi>
512 1102 581 1163 ponis
590 1116 650 1148 onus
661 1103 669 1149 i

132 1172 233 1220 §arcina
241 1173 293 1219 sum
304 1206 313 1231 ,
325 1172 419 1231 fate0r3
433 1190 507 1238 quam
518 1179 537 1223 si
548 1191 592 1236 tu,
605 1191 713 1243 tempore
726 1178 803 1241 duro,
875 1204 884 1245 5

167 1248 328 1312 Depositurus
342 1266 393 1298 eras
403 1284 411 1308 ‚
422 1267 473 1299 non
481 1253 603 1303 subeunda
614 1254 668 1303 fuit.

137 1324 263 1375 sinilibus
272 1329 299 1374 in
309 1325 394 1375 mediis
404 1344 508 1383 navem,
520 1331 630 1380 Palinure
640 1367 647 1392 ,
661 1333 791 1401 relinquis?

168 1400 208 1451 Ne
220 1402 295 1467 fuge,
311 1420 371 1453 neve
382 1404 424 1453 tud
435 1408 466 1454 sit
481 1409 561 1457 minor
571 1424 621 1457 arte
630 1408 697 1459 fides.

133 1478 266 1546 Numquid
276 1481 398 1530 Achillios
409 1485 472 1531 inter
478 1483 533 1552 {era
544 1486 630 1550 ptmlia
641 1486 685 1537 fidi

168 1557 283 1607 Deseruit
292 1558 377 1609 levitas
393 1560 578 1612 Automedontis
590 1582 663 1631 equos
676 1570 684 1615 i

134 1636 217 1697 Quem
228 1637 300 1686 semel
312 1641 423 1703 excepit,
433 1640 553 1707 numquid
562 1642 696 1693 Podalirius
704 1663 767 1712 agro

170 1710 314 1764 Promissam
327 1714 427 1766 medice
436 1734 487 1767 non
496 1718 553 1768 tulit
562 1724 618 1769 artis
629 1740 701 1788 opem
709 1728 717 1773 Ξ

136 1790 241 1859 Turpids
252 1794 361 1857 ejicitur,
372 1793 447 1860 quim
459 1812 510 1845 non
520 1796 673 1860 admittitur,
685 1804 769 1868 hospes
781 1826 787 1853 z

169 1867 231 1929 Quae
242 1874 340 1935 patuit,
356 1870 445 1922 dexttae
458 1873 527 1924 firma
542 1879 573 1925 sit
584 1894 625 1927 ata
641 1897 709 1928 mea.

137 1946 181 1995 Nil
194 1981 202 2005 ,
218 1950 264 1996 nisi
275 1965 314 1996 me
322 1948 414 2009 solum,
427 1951 507 2014 ptimd
517 1966 607 2006 tutatus
619 1972 660 2014 es3
677 1973 701 2006 at
711 1975 774 2007 nuuc

172 2025 215 2075 Me
223 2028 310 2089 paritet
320 2028 401 2087 serva,
412 2026 579 2096 judiciumque
589 2046 673 2093 tuum;

139 2105 165 2153 Si
174 2101 250 2151 modd
259 2119 310 2152 non
319 2102 517 2169 aliquaestinnte
527 2123 591 2157 nova
599 2110 685 2174 culpa,
699 2125 811 2184 tuamque

172 2179 578 2238 Mutaruntsubitdctiminanostta
587 2184 670 2239 fidem.

141 2258 240 2322 Spiritus
249 2259 288 2306 hic
298 2292 306 2317 ,
318 2257 430 2320 Scythici
441 2276 514 2324 quem
525 2277 575 2312 non
587 2265 646 2315 berte
664 2263 772 2321 ducimus
784 2272 854 2328 auti,

169 2332 247 2400 Quod
258 2338 328 2399 cupio
341 2369 350 2394 ,
365 2336 479 2385 membris
496 2353 563 2388 exeat
573 2354 628 2389 aute
639 2346 714 2404 meis,
876 2372 905 2404 to

140 2411 221 2473 Quam
237 2428 277 2463 tua
287 2410 376 2466 dilecto
387 2413 530 2477 stringantur
540 2419 635 2482 pestota
645 2410 743 2483 nostr05

174 2489 205 2537 Et
216 2488 297 2554 uideat
308 2489 396 2540 metiti>
403 2492 476 2543 vilior
489 2492 535 2546 effe
549 2496 603 2549 tibi.
769 2502 771 2505 ⁴

142 2565 200 2615 Non
210 2564 270 2614 adeo
280 2570 326 2616 toti
338 2567 393 2616 latit
404 2585 516 2633 urgemur
527 2575 633 2639 iniquis,

175 2641 210 2700 Ut
219 2638 272 2693 mea
282 2647 313 2692 sit
321 2644 399 2708 longis
409 2660 475 2694 mens
484 2664 581 2716 quoque
593 2668 661 2704 mota
668 2657 750 2721 malis,

143 2719 215 2782 Finge
226 2733 306 2767 tamen
315 2736 408 2777 motam
419 2738 427 2770 s
439 2727 726 2791 quotiestlgamemnone
737 2754 819 2791 nan-m
875 2761 901 2807 ²5

177 2794 267 2844 Dixisse
284 2801 309 2845 in
324 2792 430 2859 Pyladen
440 2801 511 2849 verba
522 2818 633 2866 proterva
641 2815 725 2871 putas?

145 2874 196 2925 Nec
211 2874 294 2937 procul
305 2892 320 2923 a
330 2891 388 2924 veto
399 2875 431 2923 est
442 2910 451 2935 ‚
462 2877 529 2942 quod
540 2879 579 2931 vel
594 2882 693 2946 pulsarit
701 2894 804 2947 amicum
815 2917 822 2947 ς

95 2992 98 2998 .
178 2950 267 2999 Mansit
277 2953 302 2998 in
314 2950 399 3001 officiis
410 2969 460 3002 non
469 2958 548 3004 minus
558 2956 600 3007 ille
610 2962 665 3012 suit.

92 3042 97 3049 ·
147 3028 200 3081 lloc
217 3028 248 3075 est
260 3044 316 3077 cum
328 3030 418 3079 miseris
431 3032 511 3081 solum
521 3051 649 3089 commune
660 3042 749 3110 beatis,

178 3106 299 3163 Ambobus
309 3108 382 3165 tribul
391 3107 458 3177 quod
468 3110 530 3162 solet
540 3114 690 3185 obsequium,
875 3136 907 3181 30

878 1601 904 1629 lO

878 1992 900 2037 ¹5
