2325 3959
250 380 317 442 270
389 354 432 423 P.
462 360 620 425 Ournrr
643 361 837 428 anonrs

165 497 170 505 ⁴
267 507 962 581 «Σεὲῃᾌὲ-ε-..τε--εύ

281 603 284 610 ’
408 638 650 714 nnnurn
690 637 789 713 xrr.

253 741 414 871 Scurra,
431 824 460 861 ut
472 811 592 861 oblestem
602 812 679 863 studio
690 809 843 875 lacrymabile
851 824 975 876 tempus,

280 886 318 935 Ne
328 904 425 952 pereant
439 881 502 954 turpi
516 892 611 953 pesiora
623 893 701 941 nostra
711 894 766 941 ritu.

249 962 354 1013 Difficile
365 964 407 1025 est,
417 965 493 1032 quod,
501 970 588 1026 amice,
597 984 695 1017 mones:
706 970 762 1033 quia
767 964 978 1015 earminalaetum

281 1044 341 1091 Sunt
353 1059 429 1107 opur,
447 1048 472 1093 δι
482 1060 566 1108 pacem
576 1048 663 1093 mentis
673 1046 758 1094 habete
768 1043 863 1092 volunt.

220 1124 231 1169 5
250 1119 336 1169 Nostra
347 1136 387 1184 per
401 1118 508 1171 adversas
517 1124 596 1187 agitur
605 1124 710 1172 Fortuna
722 1120 852 1187 procellas3

282 1200 349 1247 Sorte
363 1214 407 1246 nec
421 1198 472 1247 ulla
481 1199 536 1249 mei
547 1200 634 1249 trislior
645 1198 691 1249 else
702 1199 786 1264 potest.

250 1274 349 1339 Exigis,
365 1290 393 1332 ut
403 1276 509 1325 Priamus
520 1292 633 1326 natorum
644 1276 725 1326 sunere
735 1273 819 1336 ludat,

282 1352 313 1400 Et
325 1351 405 1400 Niobe
418 1352 488 1403 festos
499 1354 571 1403 ducat
580 1370 608 1403 ut
619 1356 678 1403 orba
688 1356 783 1403 choros.

251 1429 362 1478 [ustibus
373 1464 382 1488 ,
393 1446 424 1480 an
432 1429 510 1481 studio
519 1429 604 1482 videor
616 1430 701 1481 debere
713 1433 804 1486 teneri,

207 1508 235 1555 to
285 1506 354 1555 Solus
360 1510 386 1555 in
394 1524 512 1557 extremos
522 1506 596 1573 julius
606 1510 670 1559 abire
683 1509 770 1558 Getas?

252 1584 300 1633 Des
311 1584 367 1633 licet
376 1584 417 1634 hie
427 1584 510 1635 valido
523 1588 602 1650 pasius
615 1588 675 1635 mihi
686 1588 771 1636 robore
782 1584 870 1637 sultam
881 1618 892 1647 ‚

283 1662 440 1714 famarefert
451 1665 524 1726 Anyti
535 1663 606 1729 quale
619 1660 688 1713 fuisse
698 1680 757 1722 reo;

253 1741 270 1787 F
271 1744 333 1790 rasia
344 1740 413 1791 cadet
424 1757 495 1790 tantae
506 1744 619 1806 sapientia
630 1741 694 1791 mole
704 1744 786 1790 ruinae.

254 1854 257 1863 .
286 1818 340 1866 Plus
350 1818 415 1868 valet
424 1821 533 1867 humanis
545 1820 636 1869 viribus
647 1822 681 1869 ira
689 1819 744 1867 Dei.

207 1898 232 1945 ¹5
254 1894 296 1943 llle
305 1893 456 1945 senexdistus
467 1898 557 1960 sapient
567 1898 598 1945 ab
610 1896 722 1961 Apolline
733 1931 741 1954 ,
753 1896 846 1945 nullum

284 1974 390 2023 Scribere
397 1976 423 2022 in
430 1978 477 2023 hoc
485 1976 539 2023 casu
547 1972 688 2024 sustinuisset
699 1990 767 2039 opus.

209 2085 212 2092 -
252 2050 287 2101 Ut
300 2054 380 2115 patriae
390 2056 486 2102 veniant
496 2086 505 2106 ,
523 2056 620 2101 veniant
630 2052 720 2101 oblivia
731 2052 817 2112 vestrl,

287 2130 372 2179 Omnia
383 2146 409 2179 ut
417 2129 513 2179 admissi
524 2132 604 2179 sensus
614 2127 690 2178 abesse
702 2145 773 2195 queat
784 2148 792 2189 3
844 2175 848 2179 .

255 2210 286 2256 At
305 2211 378 2257 timor
388 2206 469 2257 officio
481 2207 548 2271 fungi
559 2222 624 2257 vetat
633 2209 682 2272 ipse
693 2211 774 2272 quieto
784 2224 790 2253 t

207 2281 240 2326 20=
286 2284 384 2335 Cinsiua
397 2288 427 2334 ab
444 2289 571 2333 innumero
583 2302 621 2333 me
632 2282 697 2333 te'net
708 2284 772 2333 hoste
783 2283 857 2332 locus.

255 2362 344 2422 Adde,
366 2361 432 2428 quod
446 2365 569 2425 ingenium
587 2362 661 2426 longi
677 2364 785 2427 rubigine
796 2362 878 2410 laesum

288 2442 380 2504 Torpet
391 2458 397 2487 ε
407 2444 432 2488 &
443 2439 475 2487 est
482 2438 577 2497 multo,
590 2438 664 2504 qualm
674 2438 720 2488 fuit
733 2454 798 2498 ante,
811 2442 898 2487 minus.

256 2516 350 2565 Fertilis
362 2551 370 2576 ,
383 2515 478 2565 assiduo
488 2518 508 2563 si
518 2532 568 2564 non
579 2532 706 2567 renovetur
718 2532 796 2567 aratro
807 2552 814 2576 ,

291 2593 332 2642 Nil
344 2629 352 2654 ,
364 2596 409 2642 nisi
422 2610 477 2655 cum
489 2595 560 2658 spinis
571 2610 687 2659 gramen,
699 2595 796 2644 habebit
808 2610 870 2660 ager.

211 2684 237 2729 ²5
257 2670 376 2734 Tempore
392 2675 432 2737 qui
448 2671 523 2736 longo
534 2674 641 2730 steterit,
659 2674 721 2722 male
732 2688 826 2732 curret,
845 2678 868 2723 br
888 2674 949 2725 inter

289 2747 429 2799 Carcetibus
441 2748 522 2799 missos
534 2750 632 2799 ultimus
642 2752 686 2799 ibit
697 2768 779 2816 equos.

258 2828 365 2877 Vertitur
376 2831 402 2876 in
415 2843 519 2877 teneram
535 2832 637 2888 eariern,
654 2832 766 2895 rimisque
779 2827 880 2879 dehiscit
892 2864 900 2885 .

291 2908 315 2955 st
324 2922 373 2972 qua
382 2905 423 2955 diu
433 2906 509 2956 solitis
515 2908 602 2969 cymba
609 2906 779 2972 vaninitaquis.

259 2985 301 3034 Me
312 3000 408 3050 quoque
415 2982 514 3050 despero
523 3020 532 3045 ,
541 2985 628 3037 fuerim
638 2984 693 3034 etlm
704 3000 789 3049 parvus
798 2988 822 3034 bt
834 2997 903 3046 ante,

214 3080 243 3125 30
292 3063 331 3113 lili
342 3097 351 3124 ‚
362 3065 403 3129 qui
416 3062 522 3125 fueram,
532 3060 598 3130 posse
608 3061 781 3128 redirepareru.
