2325 3959
241 390 535 467 Fastorum
566 394 651 462 lm.
683 390 751 464 IV.
812 412 873 482 115

201 517 284 569 Induit
297 520 396 573 il'neas,
408 516 585 584 alloquiturque
594 516 688 565 Jovein.
970 526 978 580 J

77 624 81 662 =,
169 597 267 647 Hostius
280 599 407 661 Tyrrheno
416 611 473 645 vota
482 595 514 643 est
521 593 644 644 vindemia
655 595 713 658 Regi
725 626 733 653 ,

202 677 308 740 luppiter
317 691 343 722 :e
355 676 425 722 Latio
436 672 534 737 palmite
546 672 621 719 musta
632 670 701 719 feras.

169 755 235 822 i'ota
244 754 325 803 valent
335 752 452 801 meliora:
465 749 530 799 cadit
541 750 675 798 Mezentius
685 751 784 811 ingens,
883 740 927 804 895

202 834 281 897 Atque
292 829 427 895 indignanti
437 832 530 894 pestore
536 828 629 893 plangit
641 830 753 877 humum.

168 909 274 960 Venerat
288 910 434 963 Autumnus,
453 908 549 956 calcatis
564 903 672 955 sordidus
683 906 752 962 uvir,

202 984 343 1036 Redduntut
353 989 440 1036 merito
454 984 533 1035 debita
543 987 600 1034 uina
614 984 677 1032 Jovi.

168 1064 240 1115 Diua
250 1063 299 1114 dies
310 1067 366 1114 hinc
379 1066 411 1114 est
420 1064 516 1113 Vinalia
526 1064 648 1127 :luppiter
657 1059 727 1110 illam

203 1141 332 1202 Vindicat,
345 1147 369 1191 bt
381 1143 444 1193 iestis
455 1140 542 1207 gaudet
553 1137 626 1188 ineile
640 1140 693 1186 suis.
885 1147 933 1193 9⁰0

170 1220 232 1268 SEX
246 1221 287 1269 ubi
299 1255 307 1279 ,
323 1236 375 1286 qua
382 1221 484 1278 restant,
494 1219 557 1267 luces
568 1206 655 1281 Aprilis
664 1214 775 1273 habebitt

203 1298 230 1345 ln
242 1297 322 1347 medio
331 1301 399 1346 cursu
410 1313 518 1361 tempora
526 1298 588 1345 veris
600 1308 678 1343 erunt.

171 1374 203 1425 Et
215 1374 298 1423 frustra
316 1373 432 1440 pecudem
442 1390 531 1439 queres
543 1368 726 1421 Athamantidos
735 1367 829 1426 Helles,

205 1454 322 1517 Signaque
333 1450 392 1500 dant
398 1452 502 1508 imbres,
514 1452 665 1513 exoriturque
677 1444 762 1497 Canis.

172 1530 225 1581 Hac
244 1533 304 1579 mihi
316 1530 441 1579 Nomento
455 1530 558 1577 Romam
568 1525 623 1575 crim
636 1524 688 1573 luce
699 1520 819 1583 redirem,
884 1530 929 1577 905

205 1608 305 1657 Obstitit
317 1610 343 1658 in
360 1605 440 1656 media
451 1603 553 1655 candida
565 1617 652 1669 pompa
670 1600 721 1651 vid·

171 1684 271 1737 Flamen
282 1688 306 1734 in
318 1687 422 1751 antiquae
431 1684 513 1733 lutum
527 1683 651 1745 Robiginis
662 1680 730 1739 ibat,

181 1825 183 1832 y
203 1763 264 1811 Exta
281 1766 344 1812 cunis
356 1762 473 1818 flammis,
490 1778 542 1813 exta
552 1760 649 1812 daturus
660 1760 721 1807 ovis.

171 1842 282 1892 Protinus
292 1844 395 1900 accessi,
413 1842 471 1891 ritris
481 1858 511 1891 ne
522 1842 612 1889 nescius
625 1834 706 1885 silem.

205 1919 287 1969 Edidit
299 1923 349 1968 haec
361 1920 458 1969 Flamen
468 1922 555 1972 verba,
568 1919 667 1976 Quirine
679 1948 686 1972 ,
698 1926 761 1961 tuus.
885 1918 936 1966 910

173 1999 260 2064 Aspera
280 1998 390 2061 Robigo,
409 2012 490 2061 partas
501 1994 644 2045 Cerealibus
659 1993 753 2047 herbis,

206 2074 237 2123 Et
249 2089 334 2127 tremat
341 2077 366 2123 in
377 2077 469 2123 summa
477 2074 534 2124 lese
544 2086 659 2121 cacumen
669 2071 753 2119 humo.

174 2152 214 2202 Tu
231 2154 280 2203 sata
291 2150 405 2204 sideribus
417 2152 473 2201 coeli
483 2154 573 2199 nutrita
585 2146 692 2197 secundis

207 2229 334 2289 Crescere,
350 2228 408 2278 dum
426 2228 485 2278 fiant
499 2228 599 2278 falcibus
612 2241 679 2291 apta,
695 2225 764 2271 sinas.

172 2306 217 2357 vis
237 2322 277 2355 tua
286 2323 337 2356 non
348 2307 405 2356 levis
415 2308 460 2356 esti
473 2323 525 2373 quae
537 2321 562 2355 ru
576 2306 697 2353 frumenta
709 2300 813 2360 notasti,
888 2304 932 2354 915

205 2386 302 2435 Melius
315 2389 340 2435 iu
351 2389 441 2435 amissis
451 2385 493 2434 illa
504 2385 604 2438 colonus
616 2384 696 2433 habet.

174 2463 228 2518 Nec
238 2468 303 2516 venti
315 2465 408 2514 tantum
419 2463 503 2513 Cereri
514 2479 617 2513 nocuere
628 2477 670 2509 nec
683 2459 788 2517 imbres,

208 2542 257 2592 Rec
268 2545 301 2591 sic
312 2558 446 2591 marmoreo
457 2539 618 2606 palletadulia
625 2538 696 2605 gelus

176 2619 313 2682 Quantum,
330 2623 350 2669 si
360 2620 453 2669 culmos
465 2620 537 2668 Titan
548 2618 670 2667 incalfacit
682 2614 751 2665 udos.

210 2699 274 2747 Tum
285 2696 351 2746 loeus
361 2698 393 2747 est
400 2701 455 2757 ira,
471 2696 534 2745 Diua
544 2692 668 2755 timenda,
681 2710 735 2747 tue.
886 2707 937 2753 920

178 2776 250 2826 Parce
261 2808 269 2831 ,
283 2789 365 2838 precor
376 2807 385 2833 ‚
396 2775 534 2840 scabrasque
544 2788 630 2821 manus
641 2789 654 2821 a
664 2774 777 2823 messibus
788 2774 869 2832 aufer3

211 2851 277 2902 Neve
288 2866 348 2899 noce
358 2849 427 2900 cultis
435 2869 440 2899 :
449 2848 514 2915 polle
525 2867 611 2901 nocere
624 2851 706 2901 satest.

177 2929 231 2981 Nec
249 2945 338 2978 teneras
350 2930 438 2993 segetes
450 2963 458 2987 ‚
476 2927 517 2977 sed
527 2927 613 2977 durum
625 2926 763 2992 ampleiiere
779 2929 885 2987 ferrum3

212 3004 331 3071 Quodque
346 3005 423 3070 potest
432 3005 491 3054 alios
502 3002 611 3069 perdere,
625 3003 695 3069 perde
707 3009 781 3074 prior.

177 3085 268 3144 Utilius
277 3083 371 3159 gladios
380 3087 405 3135 A
418 3082 465 3138 tela
471 3086 583 3137 nocentia
593 3098 686 3155 carpes,
888 3092 933 3141 »ις
