2325 3959
278 400 346 462 ¹14
404 374 448 443 P.
487 376 641 444 Ovum
677 378 875 447 NAsours

306 497 428 545 Vistorem
437 499 504 545 terris
514 500 655 560 impositura
665 496 760 562 pedem.

274 574 366 624 Cnosis
377 590 459 638 regas,
473 578 497 623 &
513 579 543 623 sis
552 591 641 639 magno
653 577 694 624 sub
703 576 796 627 Caesare
807 579 908 644 semper
922 595 933 637 ς

226 654 273 701 86ο
307 654 370 716 Saepe
381 655 453 701 etism
461 652 538 717 plures
550 657 654 703 nominis
664 657 732 719 hujus
743 658 812 707 habe.

276 732 307 780 Er
320 733 413 795 quoties
427 730 515 780 steteris
525 729 620 781 domito
630 732 737 781 sublimis
745 736 770 781 in
782 735 857 794 orbe,

309 809 398 859 Omnia
415 812 463 857 sinc
472 812 577 858 humeris
586 810 699 861 inferiora
712 815 765 861 tuis.

277 885 381 935 DICTA
398 885 464 935 Pales
479 888 549 934 uobis
560 884 643 935 :idem
655 886 846 939 Vinalisdicsm.

308 951 365 1012 Una¹
373 980 453 1012 tamen
466 962 545 1013 media
556 965 590 1013 est
599 968 661 1014 iuter
671 981 796 1033 utramque
807 965 869 1015 dies·

227 1048 271 1112 ⁸⁵5
279 1041 381 1091 uomina
393 1042 501 1105 vulgares
515 1043 615 1091 Veneris
624 1044 741 1093 celebrate
752 1043 846 1109 puelle.

310 1118 389 1167 Mulra
399 1116 555 1183 professarum
566 1121 692 1185 quaestibus
703 1136 758 1186 apta
767 1122 857 1170 Venus.

277 1196 369 1245 Poscite
382 1210 433 1244 ture
446 1194 504 1245 dato
515 1195 619 1246 sormam
631 1233 638 1257 ‚
655 1199 785 1264 populique
797 1198 908 1248 savorem
920 1218 930 1259 3

310 1275 403 1322 Poscite
419 1272 563 1331 blanditias,
574 1273 698 1342 dignaque
708 1279 781 1326 verba
792 1280 858 1341 joco.

277 1350 391 1417 Cumque
408 1352 449 1401 sui
460 1350 563 1400 domine
575 1352 629 1402 dure
639 1368 705 1417 grata
716 1355 839 1416 sisymbria
850 1369 942 1417 myrto
954 1390 968 1417 ,

232 1430 279 1489 870
313 1429 436 1494 Terraque
453 1430 587 1493 compositi
597 1434 679 1491 juncea
690 1430 768 1479 vincla
778 1430 841 1480 ross.

281 1506 382 1571 Templa
397 1506 542 1572 frequentari
551 1506 656 1556 colun:
667 1510 774 1573 proxima
784 1522 859 1572 portae

311 1584 383 1633 Nunc
396 1581 480 1633 decetz
494 1600 507 1632 a
521 1585 603 1634 Siculo
614 1589 713 1633 uomina
724 1585 788 1635 colle
806 1600 899 1636 tenent.

194 1719 203 1734 s
279 1653 361 1725 thtie
375 1662 497 1721 Syracusas
514 1660 665 1711 Arethusidas
678 1662 853 1711 abstulitarmis

313 1736 450 1796 Claudius,
469 1741 493 1786 &
506 1738 571 1787 bello
587 1753 610 1787 te
621 1756 717 1805 quoque
728 1743 807 1805 cepit,
824 1740 906 1803 Eryr,

233 1812 396 1884 875Carmine
409 1818 499 1863 vivacis
510 1815 590 1864 Venus
601 1817 633 1865 est
646 1818 754 1866 transsata
765 1816 861 1879 sibylle
871 1852 882 1874 ,
1080 1814 1083 1899 q

314 1893 388 1958 inque
397 1893 443 1941 suae
453 1893 528 1957 stirpis
539 1892 626 1943 maluit
638 1896 695 1942 urbe
705 1894 763 1943 coli.

281 1970 332 2021 Cur
341 1973 414 2035 igitur
424 1970 522 2019 Veneris
533 1970 617 2019 festum
628 1971 724 2020 Vinalia
736 1970 816 2021 dicant
828 2004 837 2032 ,

314 2049 424 2107 Qureritis
434 2067 442 2108 3
453 2052 557 2116 &quare
565 2052 597 2099 sit
607 2049 672 2099 Jovis
680 2051 721 2097 ista
731 2048 797 2098 dies?

282 2126 393 2186 Turnus,
405 2143 435 2175 au
454 2128 540 2177 finees
549 2126 624 2177 Latis:
636 2143 706 2192 geues
716 2125 775 2176 esset
785 2127 894 2189 Amase,

236 2200 284 2247 880
316 2205 409 2254 Bellum
425 2219 483 2253 erat.
498 2205 623 2254 Hetruscas
635 2206 730 2255 Turnus
742 2202 840 2271 adoptat
848 2222 918 2272 opes.

282 2284 369 2335 Clarus
382 2297 447 2342 erat,
460 2285 591 2348 ssrmrisque
603 2283 670 2332 seror
681 2284 815 2332 Mezentius
826 2287 914 2344 armis3

314 2360 390 2411 Etvel
406 2378 468 2426 equo
480 2377 600 2424 magnus,
616 2360 654 2410 vel
666 2359 725 2425 pede
735 2366 813 2426 mrjor
821 2376 883 2411 erat.

283 2439 361 2499 Quem
379 2438 461 2487 Rutuli
476 2439 618 2504 Turnusque
632 2441 678 2487 suis
693 2438 820 2489 adsciscere
832 2443 924 2491 tentasti

316 2518 440 2565 Partibus:
455 2519 504 2565 hec
519 2531 603 2565 eontra
617 2514 664 2565 dux
673 2519 706 2565 ita
718 2518 808 2567 Tuscus
819 2521 862 2567 sit.

236 2582 266 2632 ⁸⁸
270 2599 280 2648 5
287 2598 335 2645 Stat
345 2598 405 2644 mihi
415 2610 464 2644 non
474 2610 548 2660 parvo
558 2598 632 2643 virtus
642 2594 810 2643 measvuluera
822 2595 909 2656 restes,

317 2677 452 2740 Armaque,
462 2688 516 2739 que
526 2676 598 2738 sparsi
606 2675 718 2738 sanguine
729 2673 787 2737 sepe
797 2688 862 2722 meo.

285 2752 333 2811 Qui
345 2755 404 2817 petis
415 2752 602 2811 anonumum
610 2750 711 2817 grandis
719 2749 799 2802 divide
815 2766 910 2803 mecum

317 2830 433 2889 Premis,
450 2829 480 2878 de
490 2831 586 2880 lacubus
595 2833 703 2895 proxima
714 2830 790 2881 musia
800 2834 856 2879 tuis.

284 2907 358 2956 Nulla
367 2907 664 2971 morsestoperaesvestrum
670 2906 736 2967 dare,
742 2910 837 2958 vincere
844 2908 996 2964 nostrumcss·

238 2977 287 3041 890
321 2985 400 3045 Qu'sm
410 2985 469 3034 velit
477 2984 560 3034 AEueas
568 2986 701 3051 istauegata
712 2985 785 3035 mihi!

285 3064 424 3119 Amuerant
434 3062 526 3117 Rutuli.
538 3064 672 3115 Mezentius
682 3061 762 3116 induit
772 3078 854 3126 armas
