2325 3959
329 397 606 466 Trrsrwn
636 389 822 460 iram.
868 411 932 458 221

257 511 375 583 Undaque
393 533 442 566 non
458 514 507 565 udo
521 515 563 562 sub
574 509 635 578 pede
645 514 739 562 summa
746 511 800 561 fnit.

136 633 138 637 .
224 592 248 640 st
265 595 308 642 tibi
324 596 371 644 tale
381 585 470 644 fretum
483 589 625 658 quondam,
641 588 765 649 Leandre,
776 587 877 649 fuiffet,

255 669 313 720 Non
323 672 388 721 foret
397 670 498 736 anguste
511 684 575 718 mors
586 683 628 717 tua
640 669 731 717 crimen
740 682 816 732 aque.

222 745 287 795 Tum
301 765 379 816 neque
389 750 411 797 se
425 745 497 812 pandi
511 743 607 810 pollunt
618 742 741 809 delphines
754 748 780 794 in
793 761 860 794 auras

253 824 351 874 Tollere
363 844 369 874 t
381 840 493 875 tonantes
506 823 564 872 dura
575 821 762 872 co‘e'tcetlriems.

219 898 251 947 Et
268 905 377 965 quamvis
394 902 480 951 Boreas
489 903 579 966 jaciatis
589 900 683 948 insonet
695 897 751 954 alis,
951 926 981 973 45

250 977 267 1024 F
269 977 343 1027 lucius
352 982 378 1028 in
392 975 485 1028 obsello
497 979 590 1042 gurgite
599 976 681 1024 nullus
691 979 745 1025 etit.

215 1051 361 1121 inclusaque
377 1055 432 1121 gelu
443 1055 554 1113 stabunt,
573 1070 600 1103 ur
612 1069 748 1114 marmore,
760 1069 867 1119 puppes:

245 1130 298 1182 Nec
305 1137 395 1198 poterit
404 1130 491 1198 rigidas
507 1130 600 1182 findere
611 1147 692 1181 temus
708 1147 790 1198 aquas.

212 1207 324 1260 Vidimus
340 1214 365 1260 in
382 1211 457 1276 glacie
474 1213 547 1277 pisces
557 1211 645 1259 haerere
655 1209 758 1274 ligatoss

246 1286 276 1335 Et
286 1303 338 1352 pars
349 1305 377 1338 ex
386 1288 434 1337 illis
445 1303 497 1338 turn
504 1304 600 1354 quoque
611 1291 665 1338 viva
676 1288 732 1337 fuit.

212 1363 265 1412 Sive
277 1367 349 1429 igitur
361 1369 431 1414 nimii
445 1367 524 1415 Boreae
534 1369 570 1416 vis
583 1367 773 1424 seva-marinas,

244 1443 297 1492 Sive
316 1441 458 1493 redundatas
473 1440 572 1500 flumine
592 1445 658 1506 cogit
670 1456 762 1507 aquast

210 1508 341 1576 Protinus,
361 1534 455 1586 aquato
468 1521 535 1567 siccis
547 1517 707 1584 Aquilonibus
719 1517 794 1577 istro,

243 1597 364 1647 Invehitur
381 1593 452 1646 c'eleri
467 1597 578 1646 barbarus
595 1594 668 1644 hostis
676 1611 750 1661 equo.

209 1673 288 1722 Hostis
299 1691 361 1742 equo
371 1675 481 1741 pollens,
492 1671 610 1739 longique
618 1672 714 1723 volante
722 1672 824 1738 sagita,
942 1689 969 1735 Η

240 1751 351 1802 Vicinam
369 1753 416 1804 lati
431 1751 591 1818 depopulatur
605 1753 716 1805 humum.

206 1828 344 1894 Diffugiunt
355 1831 411 1890 alii3
428 1830 547 1896 nullisque
559 1830 680 1879 tuentibus
695 1844 778 1895 agros,

238 1907 388 1958 incustoditae
398 1907 542 1974 diripiuntur
555 1924 627 1973 opes:

206 1984 275 2034 Ruris
290 2002 347 2052 opes
361 2002 456 2050 parvae,
475 2001 545 2050 pecus
556 1989 580 2033 dt
593 1983 714 2036 lltidentia
723 1985 842 2050 plaustra,

237 2062 270 2111 Et
285 2079 342 2128 quas
358 2061 453 2112 divitias
464 2062 544 2112 incola
562 2064 744 2127 pauperxhabet.
935 2065 968 2110 ⁶0

204 2138 259 2188 Pars
270 2143 343 2205 igitur
353 2143 436 2190 vindlis
446 2139 498 2205 post
516 2154 608 2204 tergum
620 2155 689 2204 capta
698 2140 811 2196 lacertis0

235 2216 370 2281 Respiciens
383 2217 530 2267 frustratura
546 2217 679 2283 Laremque
690 2221 758 2267 suurn
771 2237 777 2267 s

190 2288 261 2342 ‘Pars
273 2292 338 2344 cadit
352 2297 454 2344 hamatis
466 2293 550 2342 miseri
560 2293 654 2343 confixa
669 2297 760 2360 sagittis
772 2312 780 2355 ς

235 2371 300 2423 Nam
320 2373 415 2424 volucri
436 2373 499 2423 fetro
515 2372 678 2421 tindlilevirus
688 2374 755 2422 inest.

203 2450 262 2512 Qut
274 2468 396 2518 nequeunt
406 2454 484 2501 secum
496 2451 557 2500 ferre
572 2466 613 2499 aut
623 2449 740 2502 abducere
753 2486 761 2512 ‚
778 2450 896 2518 perdunt:
930 2465 960 2520 σς

230 2529 262 2578 Et
275 2545 365 2578 cremat
379 2531 483 2578 insontes
496 2528 587 2578 hostica
598 2528 777 2579 flammacasas.

198 2604 378 2672 Tumquoqtte,
391 2607 446 2656 etim
457 2622 501 2672 pax
510 2605 542 2656 est
550 2640 559 2666 ,
568 2605 689 2673 trepidant
696 2607 827 2660 formidine
835 2611 908 2662 bellit

214 2729 217 2736 ,
229 2682 281 2732 Nec
292 2687 419 2750 quisquam
431 2681 507 2748 psello
518 2700 616 2734 vomere
626 2684 701 2734 sulcat
712 2687 823 2736 humum.

194 2758 906 2826 Autvidet,autmetuitlocttshic,quemnonvidenholletn.

228 2835 310 2887 Cellat
322 2841 382 2886 iners
397 2837 476 2902 rigido
485 2854 545 2888 terta
554 2837 634 2888 relicta
642 2843 697 2888 situ.
924 2865 954 2908 7⁰

195 2913 253 2964 Non
265 2913 305 2964 hic
321 2915 446 2979 pampinei
455 2913 531 2964 dulcis
548 2916 607 2965 latet
617 2933 662 2966 uva
673 2919 715 2967 sub
725 2920 809 2970 umbra
822 2952 831 2981 ,

226 2991 278 3041 Nec
289 2992 412 3041 cumulant
422 2993 483 3042 altos
495 2992 587 3044 fervida
594 2996 669 3046 musta
679 2996 752 3047 lacus.

193 3068 269 3120 Poma
279 3084 350 3137 negat
361 3072 427 3137 tegio
438 3087 447 3130 3
459 3086 503 3122 nec
512 3072 610 3122 haberet
618 3074 733 3126 Acontius
743 3109 753 3134 ,
765 3077 847 3142 inquo

722 3157 746 3208 tt
765 3157 791 3225 ἢ]
