2325 3959
194 433 196 436 ,
249 392 315 461 150
389 370 432 438 P.
470 370 627 466 ovrmr
654 369 850 435 NAsottrs

199 488 245 549 380
280 490 353 541 Effice
362 509 368 540 e
377 506 422 540 nee
431 489 497 541 seder
505 489 585 539 desere
595 524 602 549 ,
615 488 701 550 Vella,
714 503 774 539 tuat.

247 566 983 635 QuodcumqueestCereritsolidae,cavannaehinafrangar;

280 646 452 713 Mollitarnque
462 664 535 696 mann
546 644 616 697 duret
625 650 650 695 in
658 650 713 713 igne
724 646 801 696 focus.

153 731 155 734 '
247 722 359 774 irriserat:
371 729 396 775 bt
407 725 486 775 fruetis
497 728 567 789 virgo
577 728 687 775 Saturnia
695 727 763 789 justis

281 804 389 865 Annuit,
406 808 431 854 ὰ
450 802 535 854 medie
546 818 655 868 tempora
664 805 825 857 noainerane.

201 883 302 943 rislam
319 880 418 931 ducibus
434 884 547 931 somnum
558 879 656 931 dederat
667 880 734 931 labor
743 900 749 930 ε
759 884 866 945 increpat
877 878 944 929 illua
1009 918 1012 921 .
1073 864 1074 881 ¹

281 961 407 1025 luppiteru
422 964 447 1011 bt
459 962 541 1020 sacro,
556 958 616 1026 quid
625 960 684 1010 velit
696 994 704 1020 ,
715 976 756 1010 nte
766 958 848 1009 docet.

251 1040 360 1102 Surgste,
376 1042 401 1087 δι
417 1042 442 1087 in
453 1036 546 1088 medios
556 1036 588 1087 de
595 1039 694 1088 suminis
701 1038 793 1087 arcibus
804 1036 884 1086 helles

285 1116 398 1170 Mittite,
412 1131 485 1180 qnam
497 1115 597 1165 minime
607 1114 704 1181 perdere
716 1116 806 1175 vultis,
816 1130 903 1180 opem.

252 1195 355 1241 Somnus
364 1194 434 1253 abit,
446 1203 603 1259 quaeruntque
613 1197 686 1248 noviss
697 1196 836 1259 ambagibus
846 1195 894 1242 aiii
904 1226 914 1252 ‚

196 1287 213 1329 [ς
218 1284 250 1331 90
283 1269 382 1321 Perdere
393 1287 466 1337 quarn
477 1271 571 1327 nolint,
583 1276 608 1321 δι
618 1274 756 1337 jubeamur,
771 1288 852 1336 opem.

251 1349 328 1405 Ecce,
347 1348 478 1400 Ceretvisa
488 1349 537 1399 eil:
550 1352 642 1415 jaciunt
651 1348 760 1401 Cerealia
771 1348 851 1399 donat

285 1427 349 1475 labia
359 1428 425 1493 super
435 1427 513 1493 galeae
524 1429 637 1495 scutaque
648 1428 721 1493 lunga
730 1430 824 1477 serrant.

252 1502 321 1554 Poile
335 1505 400 1555 fame
409 1509 474 1557 vinci
486 1508 537 1571 iper
548 1504 655 1556 excidit:
667 1506 733 1557 hoste
741 1505 835 1571 repulso

286 1580 398 1632 Candida
408 1583 491 1633 Pistori
499 1586 596 1649 ponitur
604 1600 644 1636 ara
654 1584 718 1635 lovi.

207 1688 217 1731 3
224 1662 326 1732 95F0rte
338 1664 470 1710 revertebar
482 1664 553 1714 saeris
563 1662 697 1711 vestalibus
706 1662 779 1718 illic,

260 1796 267 1808 ,
288 1737 342 1798 Qui
352 1738 424 1788 Nova
434 1740 545 1789 Romano
556 1756 620 1789 nunc
633 1740 680 1789 Via
688 1742 768 1807 juncia
778 1741 796 1788 F
797 1755 840 1788 oro
852 1737 894 1788 ell.

255 1817 309 1867 Huc
320 1812 379 1879 pede
387 1830 522 1866 matronam
532 1816 584 1867 vidi
595 1816 736 1869 descendere
746 1815 821 1887 nudo.

289 1892 404 1958 Obstupui
424 1897 509 1945 tacitus
520 1930 529 1955 ,
540 1896 684 1962 sustinuique
694 1894 803 1961 gradum.

257 1974 400 2021 §eutitanus
415 1975 494 2023 vicina
504 1973 552 2022 loti
563 1992 569 2023 e
579 1972 716 2040 jullumque
731 1972 810 2024 sedere

208 2075 256 2119 400
290 2050 452 2118 Alloquitur,
472 2055 598 2117 quatiens,
617 2068 677 2103 vote
692 2064 808 2101 tranente
820 2084 828 2110 ‚
841 2063 924 2115 capue.

256 2129 331 2189 Hoc,
352 2131 394 2179 ubi
410 2146 475 2179 nunc
486 2130 539 2179 fora
549 2132 623 2190 sunt,
640 2129 692 2181 udae
705 2146 800 2180 tenuere
810 2126 909 2194 paludes
922 2146 934 2188 ς

289 2208 366 2257 ilmne
376 2206 513 2259 redundatis
523 2206 584 2259 foll'a
595 2207 706 2259 madebat
714 2212 789 2275 aquis.

257 2284 357 2334 Curtius
374 2284 416 2333 ille
426 2284 490 2335 latus
502 2320 511 2346 ,
526 2289 599 2335 siccas
610 2291 652 2354 qui
662 2287 757 2337 sustinet
767 2302 817 2336 arae
829 2318 838 2345 ,

270 2368 272 2370 ’
291 2362 363 2411 Nunc
374 2361 450 2412 solida
461 2364 493 2415 est
504 2364 588 2425 tellus,
600 2363 641 2415 sed
651 2364 715 2417 latus
726 2380 780 2415 ante
788 2364 843 2413 fuit.

210 2439 314 2517 405Qui
321 2439 424 2490 Velabra
432 2441 509 2491 solent
519 2442 654 2493 incircum
664 2442 749 2493 ducere
759 2457 877 2507 pompas,

291 2517 333 2568 Nil
344 2534 428 2583 praerer
439 2519 520 2571 salices
530 2518 640 2588 calleque
650 2538 725 2571 canna
735 2522 789 2571 fuit.

259 2598 323 2662 Saepe
335 2599 478 2649 suburbanas
495 2598 588 2651 rediens
600 2604 752 2664 convivaper
763 2598 837 2649 undae

291 2674 381 2726 Cantat
392 2712 401 2737 ,
413 2681 438 2725 lic
449 2675 480 2727 ad
489 2693 572 2729 nautae
582 2682 648 2729 ebria
658 2680 730 2729 uerba
741 2680 807 2744 jacit.

230 2755 232 2758 ’
260 2752 379 2803 Nondum
389 2789 398 2814 ,
412 2761 555 2807 conveniens
565 2756 663 2808 dirersis
671 2756 712 2806 ille
722 2754 822 2821 ligurit,

211 2853 259 2897 4r0
293 2831 390 2880 Nomen
407 2833 436 2880 ab
451 2837 533 2884 averso
543 2850 637 2903 teperet
648 2851 718 2885 amne
729 2835 803 2902 Deus.

262 2910 284 2960 H
288 2909 309 2959 it
321 2926 418 2975 quoque
434 2909 500 2979 lucus
511 2930 581 2974 erat,
592 2916 667 2979 juncis
679 2916 704 2963 δι
712 2910 828 2965 arundine
839 2909 938 2964 densnsa

296 2987 326 3036 Et
340 2985 400 3053 pede
410 2989 491 3038 velato
500 3006 550 3040 non
561 2990 670 3041 adeunda
681 2992 757 3057 palnr.

264 3068 351 3131 Stagna
367 3064 529 3125 terruerunt,
547 3073 571 3119 bt
580 3086 652 3139 aquas
662 3072 702 3121 sua
714 3072 765 3137 ripn
776 3072 884 3121 enitet-tt
