2325 3959
288 381 354 465 258
428 376 469 444 P.
493 378 650 444 Ourorr
671 380 865 445 NArours

221 546 227 550 ,
284 496 348 544 Nam
358 494 424 561 quod
433 514 489 561 opes
500 512 579 546 teneat
587 500 688 563 patrias.
701 497 768 563 quod
779 502 878 547 nomine
891 499 993 550 civis.

316 574 426 640 Denique
441 574 507 640 quod
517 579 595 635 vivat,
608 592 693 625 munus
702 578 787 625 habere
797 576 852 624 Dei.

285 653 321 701 Te
332 666 411 701 tamen
425 687 433 712 ,
447 653 480 701 6!
493 657 511 701 si
523 651 582 719 quid
593 652 668 702 credis
681 656 740 701 milri
755 656 848 711 carior,
866 652 931 706 ille,

317 730 452 790 Omnibus,
465 734 489 779 in
500 745 552 779 toto
564 733 657 796 pesiore
669 731 759 797 semper
769 734 848 779 lrabet.

239 820 266 863 ²5
286 807 368 870 Teque
378 806 559 868 Menoetiaden,
572 823 595 857 te
607 811 647 873 qui
658 813 782 857 comitavit
791 808 889 856 Orelien
900 842 909 867 ,

320 886 355 933 Te
370 885 569 950 vocatAEgiden,
587 886 763 951 Euryalumque
774 886 851 933 suum.

288 962 339 1010 Nec
355 966 456 1027 patriam
472 968 547 1027 magis
556 964 597 1011 ille
610 966 674 1013 suam
686 962 820 1023 desiderat,-
835 966 858 1011 ὃ(
871 976 933 1028 quae

321 1041 425 1090 Plurima
436 1057 490 1089 cum
501 1041 577 1105 patrii
587 1038 741 1090 sentitabelle
752 1042 806 1098 suri,

289 1118 370 1178 Quim
379 1118 459 1168 vultus
469 1119 599 1185 oculosque
611 1136 664 1169 tuos
675 1155 682 1180 ,
698 1120 729 1169 o!
742 1118 835 1167 dulcior
843 1118 889 1166 illo

244 1206 272 1250 30
323 1196 397 1244 Melle
410 1232 418 1255 ‚
431 1193 498 1262 quod
509 1200 534 1245 in
545 1200 604 1245 ceris
615 1200 694 1247 Attica
706 1200 775 1261 ponit
789 1196 852 1261 apis!

290 1268 436 1339 Sapeetiam
448 1290 546 1324 marens
558 1288 651 1339 tempor
662 1272 819 1323 reminiscitur
829 1270 894 1324 illud
905 1305 914 1331 ‚

323 1350 395 1412 Quod
407 1369 456 1401 non
468 1368 615 1416 praeventum
625 1367 703 1411 morte
713 1349 781 1401 fuill'e
793 1349 868 1400 dolet.

290 1430 402 1495 Cumque
416 1431 457 1478 alii
468 1430 577 1494 lugerent
586 1430 672 1479 subita
683 1432 794 1493 contagia
805 1425 896 1486 cladis,

246 1538 252 1543 ·
322 1507 374 1556 Nec
384 1507 473 1576 veilent
483 1510 534 1555 iuae
546 1507 620 1555 limen
631 1505 696 1557 adire
712 1505 815 1563 domeis3

245 1592 270 1635 ³5
291 1586 326 1633 Te
341 1588 384 1634 sibi
396 1602 451 1634 cum
463 1588 542 1651 paucis
553 1588 665 1634 meminit
673 1582 781 1634 mamille
793 1582 906 1633 fidelem:

324 1662 347 1708 Si
361 1677 449 1724 paucos
460 1660 546 1724 aliquis
556 1675 632 1709 tresue
643 1658 733 1709 duosve
743 1674 823 1710 vacat.

293 1737 408 1797 Quamvis
418 1740 535 1787 attonitus
547 1772 555 1797 ,
567 1739 642 1785 sensit
654 1752 739 1785 tamen
746 1740 828 1789 omnia
840 1756 845 1784 ε
857 1752 902 1785 nec
912 1753 937 1786 te

324 1816 353 1863 Se
363 1814 441 1863 mimis
452 1813 555 1863 adversis
563 1812 691 1864 indoluisse
698 1816 754 1864 stris.

292 1894 372 1942 Verba
383 1893 443 1944 solet
455 1927 463 1952 ,
481 1894 624 1959 vultumque
634 1904 715 1947 tuum,
725 1894 877 1959 gemiturque
891 1892 994 1943 referre:

246 1989 278 2029 40
328 1971 372 2029 Et,
385 1970 502 2031 tellente,
520 1973 574 2020 suos
585 1969 736 2019 immaduisse
749 1974 820 2019 sinus.

294 2049 374 2108 Quam
385 2051 429 2098 sibi
437 2048 567 2114 praestiteris
578 2084 587 2107 ‚
604 2048 651 2116 qula
661 2048 798 2098 consolatus
809 2051 912 2097 amicum

328 2129 363 2175 Sis
374 2144 435 2191 ope3
447 2126 558 2176 solandus
569 2128 624 2176 crim
633 2126 702 2175 simul
713 2130 761 2191 ipse
773 2126 845 2175 fores.

295 2207 342 2255 Pro
355 2207 442 2272 quibus
453 2205 557 2257 affirmat
569 2206 621 2255 fore
631 2208 656 2254 se
670 2222 850 2270 memoremque
861 2208 991 2271 piumque3
1073 2198 1074 2215 ¹

328 2286 381 2332 Sive
392 2282 455 2332 diem
466 2282 564 2342 videat,
581 2287 629 2331 sive
640 2297 732 2347 tegatur
744 2287 828 2331 humo.

248 2365 276 2414 45
297 2361 340 2408 Per
352 2376 423 2423 caput
434 2363 482 2424 ipse
493 2363 560 2409 suum
571 2361 654 2410 solitus
664 2364 741 2425 jurare
752 2376 885 2427 tuumque,

330 2436 402 2496 Quod
413 2440 461 2485 scio
471 2454 520 2485 non
531 2437 567 2484 illi
575 2436 646 2485 vilius
658 2435 704 2485 elle
714 2440 766 2487 suo.

298 2513 416 2563 Plenarot
426 2530 453 2561 ac
464 2519 535 2563 tantis
549 2516 663 2564 referetur
676 2518 752 2579 gratia
763 2516 843 2565 fauis:

330 2592 381 2639 Nec
392 2595 453 2641 sinet
464 2593 505 2640 ille
514 2608 568 2641 tuos
581 2593 636 2642 litus
648 2611 712 2643 arare
723 2595 804 2643 boves.

300 2670 344 2717 Fac
355 2667 431 2717 modo
442 2671 574 2719 constanter
586 2671 715 2736 profugum
726 2687 820 2721 tueare:
831 2668 895 2737 quod
907 2671 958 2733 ille,

253 2766 282 2813 50
333 2747 380 2808 Qui
392 2750 482 2798 benere
493 2753 579 2811 novit,
592 2766 641 2799 non
653 2763 734 2815 rogat,
752 2750 802 2816 ipsa
815 2764 885 2814 rogo.

599 2941 718 3019 ‘M‘
