2325 3959
296 402 365 486 256
421 395 464 464 P.
496 397 651 464 Orrnrr
674 381 893 465 NArouru'

325 511 431 567 Numine
444 516 557 568 debueras
568 516 698 569 sustinuisse
711 536 762 569 tuo.

291 596 342 649 An,
355 593 460 645 dominae
469 596 512 645 fati
523 596 642 663 quidquid
650 601 757 647 cecinere
770 598 884 654 Sorores,

323 673 403 723 Omne
413 675 455 723 sub
466 677 563 724 arbitrio
575 674 663 725 desinit
674 673 719 724 else
731 675 812 723 Derim
822 678 830 722 ἓ

289 748 339 814 lpse
349 767 446 817 quoque
456 753 568 800 aethereas
576 756 667 801 meritis
676 754 779 801 invedius
791 749 819 800 ad
829 765 894 801 arces
905 764 913 805 ς

245 825 275 856 ²⁰
324 828 378 889 Qud
386 846 436 878 non
444 832 530 894 exiguo
542 830 605 879 fabia
615 830 695 879 labore
702 833 740 879 via
748 828 790 877 eli.

292 906 343 955 Nec
355 911 430 972 patria
439 908 472 956 eli
481 908 587 957 habitata
598 908 641 956 tibi
652 926 659 966 ς
671 906 711 957 sed
721 904 752 957 ad
762 923 835 971 usque
847 906 975 954 nivosum

322 985 450 1047 Strymona
459 986 555 1044 venisti,
569 986 771 1050 Marticolamque
781 986 872 1034 Geten:

292 1048 461 1128 Persidaque',‘
469 1066 494 1111 dc
509 1062 559 1112 lato
571 1064 713 1127 spatiantem
725 1060 823 1111 flumine
836 1061 944 1124 Gangen
956 1092 968 1119 ,

324 1139 354 1187 Et
365 1142 525 1205 quascumque
537 1142 599 1189 bibit
609 1138 708 1190 decolor
719 1138 789 1189 lndus
798 1155 878 1203 aquas.

246 1216 272 1261 ²5
293 1215 388 1265 Scilicet
397 1219 456 1267 hanc
470 1217 565 1281 legem,
577 1233 660 1267 nentes
673 1218 754 1266 fatalia
765 1218 842 1267 Parcae

325 1296 449 1355 Stamina,
461 1297 496 1344 bis
506 1299 590 1360 genito
601 1297 635 1345 bis
648 1300 753 1345 cecinere
764 1298 818 1345 tibi.

292 1370 335 1420 Me
346 1390 441 1439 quoque
452 1409 460 1434 ,
472 1377 491 1423 si
502 1374 536 1422 ias
547 1374 578 1423 eli
590 1375 703 1439 exemplis
714 1378 747 1423 ire
759 1374 866 1423 Deorum
877 1408 885 1433 ‚

325 1452 407 1502 Ferrea
417 1454 465 1501 sors
475 1456 531 1502 vitae
540 1450 693 1518 difficilisque
703 1454 799 1517 premit.

292 1526 340 1577 llio
350 1546 393 1578 nee
405 1531 480 1579 levius
491 1528 568 1578 cecidi
580 1564 588 1587 ‚
601 1546 673 1595 quem
685 1546 772 1594 magna
783 1530 892 1580 locutum

249 1613 278 1656 30
326 1606 422 1670 Repulit
432 1624 444 1655 a
455 1608 544 1656 Thebis
554 1609 663 1671 luppiter
674 1611 728 1673 igne
739 1609 791 1657 suo.

292 1684 327 1733 Ut
340 1699 419 1733 tamen
432 1684 516 1734 audisti
528 1682 663 1750 perculsum
682 1684 783 1735 fulmine
794 1700 873 1736 vatem
881 1720 890 1745 ,

325 1758 456 1810 Admonitu
475 1766 557 1811 matris
567 1760 717 1812 condoluille
730 1780 807 1828 potes.

292 1836 323 1885 Et
337 1852 422 1901 potes,
434 1840 546 1904 aspicieus
558 1844 648 1889 circum
662 1856 701 1891 tua
712 1845 777 1892 sacra
793 1848 890 1907 po'e'tas,

324 1915 412 1965 Nescio
423 1920 475 1983 quis
485 1919 575 1978 nostri,
589 1916 667 1968 dicere
678 1954 685 1980 ,
698 1920 777 1969 cultor
788 1920 858 1969 abest.

247 1999 273 2045 ³5
293 1994 335 2042 Per
346 2028 354 2051 ,
366 1995 427 2043 bone
439 1996 527 2051 Liber.
542 2014 627 2062 opem:
642 2000 675 2046 sic
687 1997 761 2047 altam
773 1996 884 2063 degravet
895 1998 996 2049 ulmum

325 2071 403 2132 Vitis,
423 2077 447 2122 δι
458 2074 551 2123 incluso
562 2074 633 2139 plena
644 2078 674 2124 sit
685 2092 730 2125 uva
740 2092 817 2124 mero.
841 2102 843 2107 ·

292 2151 330 2199 Sic
341 2152 385 2199 tibi
395 2168 450 2200 cum
461 2152 558 2201 Bacchis
569 2154 709 2214 Satyrorum
721 2169 797 2217 gnava
808 2156 917 2217 juventus

325 2228 415 2290 Adsit,
432 2234 457 2279 bc
472 2234 577 2279 attonito
593 2247 642 2279 non
656 2246 745 2279 taceare
757 2233 825 2279 sono.

293 2305 350 2358 oria
361 2308 502 2372 bipenniferi
512 2312 546 2357 sic
557 2312 605 2357 sint
618 2307 681 2357 mali
689 2306 764 2373 prelia
776 2308 892 2372 Lycurgiz

244 2385 275 2428 ⁴0
324 2386 400 2449 lmpia
410 2402 452 2433 nec
463 2385 534 2449 poeni
546 2386 662 2434 Pentheos
674 2387 758 2434 umbra
768 2401 844 2436 vacet.

264 2483 266 2487 ·
291 2463 330 2511 Sic
341 2466 413 2511 micet
427 2461 561 2522 aeternum,
578 2466 704 2529 vicinaque
716 2462 793 2514 sidera
811 2466 906 2522 vincat,

324 2538 442 2605 Coniugis
452 2544 477 2588 in
487 2540 551 2589 coelo
565 2538 648 2591 Crella
660 2539 759 2591 Corona
772 2556 828 2590 tuae.

292 2616 345 2665 Huc
356 2614 427 2677 ades,
444 2621 468 2667 Sc
481 2620 546 2668 casus
558 2618 664 2678 releves,
678 2619 853 2683 pulcherrime,
864 2619 969 2680 nostros,

324 2693 406 2742 Unum
425 2693 454 2744 de
467 2712 568 2745 numero
580 2712 618 2744 me
636 2714 730 2745 mentor
748 2695 794 2746 elle
808 2712 858 2746 tuo.

243 2774 271 2819 45
291 2772 350 2821 Sunt
360 2770 405 2821 Dis
415 2774 477 2821 inter
486 2775 509 2822 se
517 2778 661 2824 commercia
670 2793 676 2821 ε
685 2772 776 2823 fledere
788 2790 853 2823 tenta

324 2848 556 2900 Caesareumnumen
566 2854 681 2904 numine,
697 2851 804 2905 Bacche,
823 2866 874 2899 tuo.

290 2925 342 2976 Vos
352 2943 466 2993 quoque,
487 2930 608 2978 consortes
620 2927 703 2987 studii,
718 2931 756 2993 pia
773 2930 859 2987 turba,
880 2934 968 2993 po'e'tae,

325 3004 381 3053 ilaec
393 3004 475 3054 eadem
486 3000 566 3056 sumto
577 3010 678 3073 quisque
687 3020 770 3072 rogate
781 3023 857 3055 mero.

292 3081 369 3149 Atque
380 3082 466 3149 aliquis
476 3084 596 3140 vestrim,
609 3084 712 3137 Nasonis
720 3088 819 3135 nomine
829 3082 911 3147 diuo,
