2325 3959
276 403 343 466 140
404 380 446 449 P.
475 383 632 451 ovum
658 386 855 454 NAsonrs

222 505 255 549 40
305 501 394 551 Dicar?
407 507 431 551 &
442 504 534 553 anullo
544 506 644 562 nomina
653 508 734 555 mense
745 508 866 558 trahami,

273 578 342 628 Tunc
353 597 391 628 me
401 584 516 645 ponireat
526 579 627 646 posuisse
639 581 742 633 fideliter
751 588 797 634 iras

306 658 415 722 ingenus
426 658 522 707 Eleurae
533 692 542 718 ,
553 658 748 727 Dardaniamque
758 660 871 712 domum.

273 733 353 785 Causa
365 734 453 800 duplex
468 740 525 785 irae:
539 752 607 802 rapto
621 737 762 801 Ganymede
772 737 906 799 dolebam

307 814 393 863 Forma
405 831 501 881 quoque
510 849 518 873 ‚
528 814 593 865 ldaeo
601 814 684 865 iudice
693 819 770 877 ,visis
780 834 834 868 mea
845 818 888 866 est.

225 888 255 937 Η
276 892 393 941 Ponitear
403 924 411 947 ,
422 891 488 957 quod
499 909 549 941 non
560 892 633 943 foveo
641 892 794 959 Carthaginis
802 888 885 953 ascesa

308 969 374 1019 cnm
384 987 437 1019 mea
445 972 492 1019 sint
500 970 545 1019 illo
555 987 636 1020 currus
647 975 672 1019 bc
683 988 749 1021 arma
759 972 824 1022 loro.

275 1049 393 1098 Poeniteat
406 1050 519 1112 Sparten,
532 1050 672 1114 Argosque,
684 1066 795 1115 measque
806 1050 924 1113 Mycenas
934 1082 947 1109 ,

308 1126 339 1175 Et
348 1141 451 1174 veterem
460 1126 528 1175 Latio
540 1124 685 1192 supposuisse
698 1128 795 1177 Samon.

276 1199 343 1251 Adde
355 1204 434 1252 senem
442 1204 541 1253 Tatium
555 1204 773 1271 ,Iunonicolasque
784 1204 907 1265 Faliscos,

230 1284 260 1331 50
309 1276 375 1336 Quos
388 1294 432 1342 ego
448 1278 563 1325 Romanis
580 1273 726 1327 succubuisse
742 1277 794 1327 tuli.

276 1352 323 1405 Sed
336 1371 413 1421 neque
423 1358 550 1421 poenireat:
558 1371 602 1403 nec
608 1371 665 1419 gens
675 1357 736 1405 mihi
747 1357 823 1403 carior
833 1352 885 1401 ulla
899 1352 944 1401 est.

309 1430 357 1481 Hic
373 1433 456 1492 colar,
467 1431 508 1482 hic
518 1448 613 1481 teneam
623 1448 679 1481 cuns
690 1433 748 1483 Jove
759 1430 848 1495 templa
858 1448 926 1479 meo.

276 1510 328 1574 lpse
338 1512 397 1559 mihi
409 1511 523 1570 Mavors,
534 1508 691 1561 Commendo
702 1513 805 1569 moenia,
817 1506 898 1569 dixit,

310 1586 366 1635 llaec
379 1588 423 1636 tibi
434 1606 440 1635 s
451 1603 475 1637 tu
487 1588 580 1653 pollens
590 1588 656 1637 Urbe
667 1592 760 1653 nepotis
774 1590 827 1637 eris.

231 1659 258 1705 55
279 1664 348 1713 Diua
360 1664 419 1714 fides
429 1668 549 1731 sequitur:
560 1681 657 1717 centum
669 1666 817 1716 celebramur
826 1668 852 1715 in
861 1665 927 1723 aris3

310 1742 362 1791 Nec
372 1743 448 1792 levior
455 1747 539 1809 quovis
547 1745 579 1794 est
586 1746 646 1793 mihi
654 1748 740 1795 mensis
747 1746 834 1795 honor.

278 1820 330 1871 Nec
342 1836 420 1869 tamen
432 1824 495 1871 laune
503 1824 572 1872 nobis
581 1822 750 1873 tantummodo
761 1822 853 1887 praestat
863 1824 991 1873 honorem

311 1900 389 1947 Roma
398 1900 536 1949 :suburbani
544 1899 604 1950 dant
613 1904 674 1951 mihi
684 1912 770 1949 munus
780 1899 855 1949 idern.

278 1976 370 2040 Inspice
378 2012 387 2036 ,
394 1993 455 2042 quos
466 1978 552 2029 habeat
561 1979 691 2029 nemoralis
700 1979 777 2027 Aricia
788 1979 805 2027 F
807 1978 881 2038 aiios,

165 2053 168 2057 ⁵
229 2058 262 2097 60
311 2056 342 2105 Er
352 2055 453 2121 populus
463 2057 583 2117 Laurens,
596 2058 776 2122 Lanuviumque
787 2073 883 2105 meusne

278 2134 318 2183 Est
326 2133 378 2183 illic
389 2137 475 2183 mensis
485 2134 609 2184 Junonius.
623 2136 713 2200 Inspice
724 2136 816 2195 Tibur,

312 2212 343 2260 Et
355 2212 501 2261 Praenellinae
514 2216 604 2263 moenia
614 2215 678 2263 sacra
688 2213 744 2262 Deae
755 2228 763 2272 ς

279 2287 395 2337 Iunonale
406 2288 470 2352 leges
483 2305 576 2353 tempus
587 2306 645 2340 :nec
652 2291 769 2339 Romulus
780 2290 834 2340 illas

313 2364 446 2415 Condidit:
456 2381 480 2416 at
490 2367 563 2415 nostri
576 2369 653 2416 Roma
661 2372 755 2433 nepotis
766 2385 825 2419 erar.

232 2445 260 2500 ὅς
279 2443 383 2492 Finierat
391 2443 453 2492 luno
466 2462 473 2491 s
485 2445 637 2507 respeximus.
650 2445 758 2495 Herculis
776 2462 836 2497 uxor

313 2521 406 2575 Stabat.
424 2525 449 2571 bc
463 2525 488 2586 in
499 2522 568 2570 vultu
580 2524 646 2587 signa
656 2520 760 2573 dolentis
768 2540 844 2575 erant.

280 2596 339 2647 Non
348 2614 411 2661 ego,
430 2601 449 2647 si
464 2614 517 2647 toto
529 2615 604 2648 mater
613 2616 651 2649 me
659 2599 741 2650 cedere
752 2596 819 2653 coelo‘

313 2672 408 2724 sufferir
419 2710 427 2735 ,
444 2677 520 2727 inviti
531 2692 624 2737 matre,
637 2681 767 2740 morabor,
786 2684 829 2733 ait.

281 2751 352 2801 Nunc
363 2768 458 2818 quoque
468 2771 516 2803 non
528 2755 603 2804 lusior
614 2754 644 2805 de
654 2760 752 2807 nomine
764 2763 878 2825 temporis
888 2762 980 2829 buiuss

232 2853 265 2897 70
314 2827 443 2889 Blandior,
463 2835 487 2881 δι
503 2848 579 2897 partes
591 2850 657 2899 paene
674 2841 779 2901 rogantis
797 2856 852 2905 ago.

282 2910 390 2974 liemque
400 2912 448 2957 mei
458 2914 515 2975 juris
523 2912 607 2961 malim
620 2911 718 2975 renuisse
725 2916 845 2979 precando
855 2934 863 2977 ;

315 2986 346 3034 Et
357 2986 434 3035 faveas
444 2990 516 3036 causae
526 2988 625 3040 forsitan
634 2994 681 3055 ipse
689 3009 758 3041 mea.

282 3066 359 3118 Aurea
365 3060 468 3132 possedit
477 3067 543 3118 socio
554 3066 677 3137 Capitolia
691 3070 783 3141 temple
