2325 3959
413 140 431 168 l

194 357 831 453 Epzsr.1le>onroz.111.335
908 355 911 359 ’

127 479 157 529 Iu
168 480 286 547 Phryga
295 497 346 530 nec
360 482 471 543 Satyrum
481 480 535 531 talis
545 482 665 547 Olympus
678 496 735 533 erat.

105 556 203 609 lttmia
217 577 275 609 nec
294 560 396 611 Chiron
407 560 437 610 ab
448 559 537 610 Achilli
550 561 607 609 talia
622 564 699 626 cepit,

105 689 107 696 ,
129 638 346 704 Pythagoraeque
358 638 438 687 ferunt
450 654 500 687 non
511 638 616 687 nocuisse
627 640 741 688 Numam.

101 699 215 767 Nomina
228 734 285 765 neu
303 716 410 765 reseram
420 717 522 787 longum
534 717 633 767 colleiia
646 735 686 782 per
700 734 794 777 aeuum,
853 738 883 780 45

129 794 279 859 Discipulo
291 798 355 859 petii
367 795 432 843 solus
447 796 476 843 ab
488 791 536 859 ipse
552 813 618 844 meo.

98 862 167 930 Dum
183 871 289 920 damus
299 888 368 919 arma
382 873 426 919 tibi
437 906 446 931 ,
457 870 515 920 dum
527 887 566 931 te,
580 872 680 931 lascive,
692 871 822 932 docemus3

131 948 194 997 Haec
209 985 220 1008 ,
244 964 273 998 te
290 946 428 1013 discipulo,
446 949 509 999 dona
521 950 629 1015 magister
638 952 717 999 habet.

96 1024 151 1096 [Scis
165 1043 284 1087 nmen,
304 1043 332 1076 ut
344 1026 438 1092 liquido
447 1032 536 1093 Juratus
548 1028 625 1077 dicere
637 1032 710 1093 possis
721 1062 729 1089 ‚

96 1119 98 1166 3
135 1105 201 1153 Non
216 1123 266 1154 me
283 1106 406 1170 legitimos
418 1104 545 1157 solicitasse
556 1123 631 1155 totos.
858 1124 887 1168 50

96 1170 266 1247 *scripsimus
277 1186 330 1231 haec
345 1184 411 1242 istis,
433 1201 534 1249 quatum
545 1201 590 1233 nec
600 1187 660 1235 uitta
674 1182 774 1248 pudicos

137 1260 289 1325 Contingit
299 1262 393 1320 crines,
409 1277 453 1309 nec
464 1262 525 1311 siola
535 1262 608 1325 longa
619 1260 699 1324 pedes.

106 1332 174 1396 Dic,
191 1354 306 1401 precor,
321 1336 453 1403 Ecquando
464 1337 566 1387 didicisti
578 1337 661 1387 fallere
672 1353 755 1403 nuptas
765 1352 774 1396 5

138 1415 174 1463 Et
186 1415 275 1465 facere
292 1420 411 1465 incertum
423 1434 463 1480 per
479 1434 533 1465 mea
550 1414 610 1481 julla
627 1422 717 1480 genus?

110 1490 147 1541 An
164 1496 202 1543 ait
215 1496 250 1543 ab
261 1496 300 1543 his
311 1498 391 1542 omnis
402 1492 477 1559 rigidi
488 1495 598 1543 submota
609 1493 716 1551 libellis,
858 1514 884 1559 55

142 1570 235 1629 Quam
247 1571 286 1621 lex
298 1572 399 1622 furtivos
410 1587 474 1621 arcet
485 1573 571 1621 habere
581 1575 664 1621 virosi
700 1618 709 1625 ,

113 1645 182 1706 Quid
202 1664 290 1700 tamen
300 1652 347 1699 hoc
357 1647 464 1714 prodest,
481 1653 550 1698 vetiti
571 1653 590 1697 si
603 1650 654 1715 lege
667 1648 747 1701 severi

147 1723 253 1775 Credor
267 1724 380 1775 adulterii
390 1717 547 1792 composuisse
556 1736 644 1787 notat?

116 1800 149 1849 At
160 1818 189 1851 tu
200 1836 210 1862 ,
231 1807 266 1852 sic
276 1806 363 1855 habear
375 1804 485 1856 ferientes
501 1807 583 1854 cundia
596 1808 707 1871 sagittas,

152 1883 194 1929 Sic
210 1897 348 1947 numquam
365 1880 449 1947 rapido
463 1881 579 1947 lampadis
594 1886 647 1945 igne
662 1896 763 1937 vacent.
856 1911 887 1947 ω

121 1956 160 2005 Sic
179 1976 251 2023 regat
264 1963 412 2023 imperium,
428 1975 546 2025 terrasque
561 1965 668 2009 co'e'rceat
683 1975 766 2007 omues

153 2034 258 2096 Caesar,
276 2038 306 2087 ab
322 2038 397 2087 AEuea
412 2042 454 2103 qui
472 2040 516 2087 tibi
536 2038 609 2086 fratre
626 2052 719 2101 nepos;

122 2107 219 2173 Effice,
235 2117 267 2163 cit
287 2116 355 2165 nobis
372 2132 422 2165 non
443 2115 601 2179 implacabilis
615 2118 669 2173 ita,

155 2189 249 2256 Meque
266 2192 324 2241 loco
335 2193 404 2257 pleiii
421 2192 587 2243 commodiore
601 2191 668 2242 velit.
746 2222 748 2226 ·

124 2262 183 2313 Hac
200 2284 247 2332 ego
259 2272 323 2319 visus
339 2287 404 2319 eram
424 2272 500 2321 Puero
516 2268 599 2320 dixisse
616 2269 725 2321 volucrit
858 2290 885 2343 ⁶5

159 2343 212 2393 Hos
226 2349 291 2394 risus
311 2350 380 2397 nobis
393 2348 435 2397 ille
455 2346 543 2398 dediffe
564 2350 643 2397 sonos.

127 2415 189 2480 Pet,
207 2440 263 2473 mea
274 2425 338 2485 tela,
350 2427 429 2487 faces,
442 2430 466 2475 &
479 2444 536 2491 per,
548 2443 602 2477 mea
613 2425 677 2483 tela,
694 2425 808 2489 sagittas,

160 2498 204 2547 Per
223 2517 328 2552 matrem
343 2508 417 2568 juro,
440 2504 621 2570 Caesareumque
638 2518 726 2567 capum

130 2572 191 2634 Nil,
213 2580 424 2641 nisiconceilum,
440 2599 484 2631 nos
503 2597 526 2631 te
542 2577 649 2629 didicisse
660 2579 791 2643 magistr03

161 2657 259 2705 Artibus
277 2662 302 2707 δι
319 2660 414 2709 nullum
431 2664 522 2709 crimen
536 2655 608 2707 ineffe
625 2660 679 2710 tuit,
858 2681 890 2724 70

131 2730 210 2798 thue
228 2737 297 2796 hoc,
315 2740 348 2786 sic
365 2740 455 2787 utinam
471 2734 599 2789 defendere
615 2748 693 2782 cetera
709 2730 802 2797 pollet!

163 2814 213 2861 Scis
233 2814 318 2874 aliud,
334 2815 400 2881 quod
419 2832 441 2867 te
458 2815 562 2873 laeserit,
577 2810 623 2861 esl'e
641 2812 725 2874 tnagis.
779 2812 783 2822 '

133 2888 254 2957 Quicquid
264 2893 343 2952 idest,
352 2910 428 2959 neque
436 2897 500 2943 enim
508 2890 579 2942 debet
587 2888 657 2939 dolor
665 2887 705 2937 ille
715 2886 808 2943 resecti,

164 2968 221 3017 Non
237 2985 306 3035 potes
325 2985 338 3018 a
354 2971 423 3034 culpa
439 2968 517 3019 dicere
536 2964 613 3017 abesse
635 2965 684 3016 tui.

134 3043 170 3095 Tu
182 3048 240 3099 licet
255 3050 340 3099 errotis
350 3049 392 3096 sub
402 3048 506 3111 imagine
519 3046 610 3096 crimen
619 3045 763 3106 obumbres,
859 3058 887 3110 75
964 3094 965 3103 ἵ
