2325 3959
149 400 169 463 l
619 408 704 491 56
846 400 933 468 P.
995 401 1307 468 OVIDII
1378 401 1765 469 NAsoms

670 505 883 588 B'inaque
915 524 1037 572 serta
1069 523 1193 583 tibi,
1224 523 1428 589 binaque
1462 521 1556 570 liba
1580 521 1758 570 ferunt.

511 607 531 637 ί
547 611 599 655 *Η
611 603 700 649 Ara
734 598 790 649 fit
813 618 824 647 ε
847 603 940 649 huc
962 605 1122 666 ignem
1146 616 1284 650 curto
1302 600 1393 650 fert
1413 600 1581 650 rustica
1597 598 1713 648 t'estu
1731 632 1751 660 ‚

672 679 896 728 Sumtum
918 677 975 728 de
993 678 1162 746 tepidis
1181 681 1279 745 ipsa
1296 679 1470 729 colona
1493 678 1631 728 focis.

607 755 755 820 Ligna
772 758 908 805 senex
927 761 1102 807 minuit
1117 793 1134 819 ,
1159 761 1441 824 concisaque
1458 757 1686 807 construit
1708 753 1835 815 alt23

670 833 735 882 Et
757 832 910 885 solida
941 852 1096 887 ramos
1120 835 1262 902 figere
1282 853 1461 903 pugnat
1482 839 1651 885 humo.

607 911 737 960 Dum
758 915 886 962 sicco
913 917 1088 980 primas
1110 919 1265 965 irritat
1286 920 1463 965 cortice
1492 915 1707 965 flammas
1722 947 1741 969 ,

511 999 559 1051 *¹22
583 1007 603 1035 :¹
673 992 778 1041 Stat
814 1007 955 1056 puer,
993 996 1040 1043 δι
1077 994 1294 1043 manibus
1319 993 1414 1044 lata
1440 994 1636 1045 canistra
1656 1006 1802 1041 tenet.

607 1067 722 1119 inde
745 1104 762 1129 ,
799 1071 879 1117 ubi
903 1085 972 1118 ter
1002 1068 1159 1135 fruges
1186 1070 1370 1120 medios
1390 1074 1593 1121 immisit
1612 1074 1662 1119 in
1683 1073 1813 1135 ignes
1831 1102 1851 1130 ‚

672 1145 880 1212 Porrigit
904 1150 1076 1197 incisos
1098 1147 1198 1197 filia
1216 1166 1359 1214 parva
1382 1147 1531 1199 favos.

607 1223 734 1272 Vina
768 1238 932 1273 tenent
963 1226 1044 1274 alii
1068 1244 1079 1273 ε
1105 1226 1315 1277 libantur
1334 1227 1519 1292 singula
1540 1223 1765 1276 flammis.

674 1302 892 1365 Spectant
907 1338 922 1362 ,
955 1306 1002 1352 &
1027 1304 1201 1371 linguis
1222 1303 1427 1355 candida
1445 1305 1584 1353 turba
1606 1304 1785 1353 favent.
1841 1351 1844 1354 .

551 1399 563 1435 ς
579 1395 595 1443 3
611 1375 848 1442 Spargitur
871 1381 922 1427 &
943 1379 1062 1428 caesa
1081 1380 1353 1428 communis
1377 1379 1630 1427 Terminus
1653 1377 1772 1442 agni
1798 1394 1813 1424 ε

669 1454 773 1503 Nec
815 1460 1028 1522 queritur
1045 1493 1062 1517 ,
1097 1458 1269 1507 lactens
1296 1474 1406 1505 cum
1431 1457 1519 1505 sibi
1542 1470 1687 1522 porca
1710 1453 1871 1503 datur.
1922 1463 1925 1464 ’

607 1531 918 1582 Conveniunt
943 1569 958 1593 ,
996 1534 1331 1601 celebrantque
1355 1532 1496 1599 dapes
1516 1536 1694 1583 vicinia
1714 1532 1919 1597 simplex
1938 1550 1959 1592 3

672 1609 736 1658 Et
771 1625 964 1660 cantant
997 1610 1157 1661 laudes
1183 1647 1200 1671 ‚
1238 1613 1467 1664 Termine
1498 1612 1697 1669 fauste,
1718 1626 1836 1659 tuas.
1876 1628 1878 1631 ⁴

611 1687 685 1735 Tu
719 1687 924 1753 populos
940 1724 957 1747 ,
997 1690 1227 1755 urbesque
1248 1724 1263 1747 ,
1287 1692 1336 1739 δε
1358 1706 1501 1755 regna
1522 1691 1732 1755 ingentia
1755 1686 1865 1737 finis
1892 1705 1908 1736 s

515 1787 531 1815 r
547 1784 571 1819 ..a
587 1791 607 1819 :-
675 1765 847 1815 Omnis
869 1769 958 1814 erit
979 1768 1076 1814 sine
1101 1782 1144 1814 te
1168 1767 1399 1832 litigiosus
1422 1784 1549 1833 ager.

611 1844 759 1895 Nulla
781 1846 867 1894 tibi
896 1845 1098 1894 ambitio
1117 1846 1181 1895 est
1203 1863 1217 1894 t
1241 1846 1379 1895 nullo
1402 1846 1715 1910 corrumperis
1737 1858 1874 1893 auro.

671 1923 911 1989 Legitima
936 1924 1085 1972 servas
1117 1922 1296 1973 credita
1318 1941 1425 1973 rura
1446 1921 1557 1973 fide.

611 2006 655 2051 Εἰ
680 2019 729 2052 tu
756 1999 977 2067 signaffes
996 2002 1114 2052 olim
1144 2000 1439 2065 Thyreatida
1466 2016 1637 2051 terram
1658 2034 1675 2059 ,

674 2081 894 2147 Corpora
914 2098 1013 2130 non
1037 2081 1134 2130 leto
1158 2077 1297 2129 missa
1315 2096 1525 2130 trecenta
1547 2080 1739 2137 forent3

519 2171 539 2207 εἱ
555 2161 713 2223 ·’ῖ·ξ,ἶ“*ἷοε
750 2158 875 2210 foret
907 2158 1174 2222 Othryades
1199 2159 1428 2225 congestis
1453 2161 1597 2209 tectus
1620 2162 1668 2207 in
1692 2158 1852 2207 armis.

675 2240 750 2288 O!
783 2255 1016 2306 quantum
1039 2243 1202 2303 patriae
1224 2241 1459 2303 sanguinis
1475 2238 1558 2287 ille
1580 2235 1713 2286 dedit
1735 2236 1750 2286 l

611 2316 768 2379 Quid,
805 2334 931 2367 nova
962 2316 1072 2365 ctim
1100 2315 1268 2365 fierent
1290 2316 1573 2381 Capitolia?
1613 2330 1783 2379 nempe
1815 2314 2066 2368 Deorum

674 2395 860 2447 Cuncta
878 2396 986 2444 ,lovi
1008 2399 1145 2445 cessit
1171 2395 1307 2445 turba
1329 2431 1346 2456 ‚
1370 2395 1628 2461 locumque
1650 2390 1801 2442 dedit.

611 2476 863 2524 Terminus
890 2509 905 2533 ,
935 2490 990 2523 ut
1007 2490 1186 2523 veteres
1214 2488 1484 2523 memorant
1504 2507 1519 2529 ,
1552 2485 1811 2521 conventus
1835 2473 1889 2519 in
1904 2470 2032 2522 aede

519 2555 607 2603 55²²
675 2554 963 2603 Restitit:&
995 2568 1173 2616 magno
1196 2568 1304 2599 cum
1328 2551 1444 2598 Jove
1476 2548 1654 2613 templa
1690 2561 1837 2597 tenet.

611 2631 751 2683 Nunc
766 2655 770 2658 ’
787 2647 978 2698 quoque
999 2665 1015 2688 ,
1042 2630 1086 2677 se
1110 2631 1245 2693 supra
1265 2645 1325 2676 ne
1346 2625 1461 2693 quid
1492 2629 1579 2675 nisi
1602 2625 1754 2674 sidera
1776 2640 1951 2675 cernat
1966 2662 1991 2683 ,

671 2708 908 2774 Exiguum
931 2706 1100 2771 templi
1122 2709 1241 2755 recta
1261 2706 1477 2755 foramen
1498 2706 1690 2753 habent.

611 2790 835 2839 Termine
848 2821 864 2841 ,
896 2787 1001 2851 post
1020 2782 1143 2833 illud
1161 2785 1324 2833 levitas
1345 2785 1431 2832 tibi
1452 2783 1601 2831 libera
1621 2796 1720 2831 non
1736 2780 1800 2829 est
1819 2799 1834 2829 τ

162 2863 174 2894 '¹
675 2866 787 2927 Qua
819 2867 1000 2929 positus
1038 2862 1254 2912 fuerisin
1286 2862 1481 2909 statione
1502 2895 1517 2918 ,
1547 2875 1707 2908 mane.

515 2945 713 3007 amr-lec
737 2960 787 2994 tu
808 2946 969 2993 vicino
997 2938 1260 3007 quidquam
1282 2937 1489 2988 concede
1514 2938 1733 3002 roganti,

678 3022 754 3071 Ne
787 3019 975 3071 videare
1015 3022 1263 3067 hominem
1298 3014 1594 3082 praeposuisse
1624 3016 1749 3064 Jovi-

619 3102 677 3152 Et
717 3103 794 3149 seu
821 3099 1090 3160 vomeribus
1115 3132 1132 3162 ,
1172 3098 1250 3145 seu
1281 3111 1331 3145 tu
1359 3094 1603 3160 pulsabere
1636 3092 1790 3142 rastris
1807 3125 1829 3155 ,
