2325 3959
320 430 384 493 332
460 408 503 475 P.
527 408 682 475 Ournrr
699 409 934 476 NASONIS

316 526 425 575 sacrifici*
434 544 506 592 genus
517 529 549 577 est
560 564 567 588 ‚
585 532 617 577 sic
629 529 747 577 instituste
756 533 880 594 priores,

347 602 445 654 Aduena
454 609 561 671 virgineo
572 609 645 655 caesus
659 621 685 654 ut
695 609 748 655 ense
758 606 849 656 cadat.

318 681 397 745 Regna
409 685 488 732 Thoas
504 686 602 741 habuit,
622 682 736 732 Maeotide
746 683 826 733 elatus
839 688 876 733 in
886 701 969 734 orat:

268 758 299 793 ⁶0
349 759 400 808 Nec
416 762 461 809 fuit
480 762 574 809 Euxinis
587 765 668 810 notior
678 762 738 810 alter
748 765 826 825 aquis.

317 830 411 899 Sceptra
420 853 513 887 tenente
523 837 568 886 illo
582 873 590 896 ,
607 836 709 903 liquidas
721 833 804 885 feeiffe
815 854 869 903 per
883 855 973 889 auras

351 914 437 963 Nescio
453 933 525 981 quam
536 916 621 963 dicunt
632 916 770 980 Iphigenian
780 919 839 963 iter.

318 990 397 1050 Quam
411 992 501 1042 levibus
511 996 590 1041 ventis
599 994 641 1041 sub
652 994 715 1040 nube
727 1008 769 1056 per
779 1006 896 1056 aequora
908 993 1016 1041 vestam
1023 1023 1032 1049 ,

351 1068 463 1118 Creditur
475 1074 509 1117 his
525 1071 614 1118 Phoebe
625 1067 756 1133 deposuisse
766 1069 836 1117 locis.

269 1158 296 1211 65
318 1145 445 1219 Praesueltat
460 1146 552 1210 templo
562 1146 653 1194 multos
661 1163 688 1194 ea
698 1149 742 1199 tite
753 1163 793 1210 pet
801 1162 892 1195 annos
902 1182 915 1207 ‚

351 1223 428 1273 Invita
440 1240 549 1288 peragens
561 1224 635 1273 tristia
646 1222 709 1272 saera
720 1240 802 1272 manu.

319 1298 384 1349 cum
399 1299 447 1349 duo
457 1301 555 1351 velifera
566 1304 661 1364 juvenes
672 1301 757 1350 vendre
769 1301 854 1350 carini
869 1336 881 1361 ,

351 1375 530 1444 Ptefferuntque
541 1380 583 1426 suo
594 1378 664 1426 litora
675 1378 752 1427 nostra
764 1376 835 1442 pede.

320 1454 363 1503 Par
375 1456 421 1504 suit
431 1459 465 1504 his
476 1472 547 1515 aetas,
560 1458 585 1503 bc
595 1472 664 1505 amor
677 1474 684 1503 ε
696 1471 798 1520 quorum
810 1455 879 1503 alter
891 1456 1014 1510 Orestes,

270 1539 301 1580 7⁶
354 1534 419 1582 Alter
429 1550 478 1582 erat
488 1532 587 1596 Pylades
600 1552 605 1581 t
618 1537 717 1581 nomina
730 1532 793 1580 sama
804 1548 886 1582 tenet.

320 1612 430 1659 Protinus
446 1615 564 1660 immitem
583 1612 671 1660 Trivia
689 1608 807 1658 ducuntur
825 1608 975 1673 adaram,

352 1688 445 1736 Evinbii
455 1694 560 1752 geminas
569 1686 599 1735 ad
610 1688 648 1734 sua
660 1701 724 1750 terga
735 1702 829 1734 manus.

321 1767 413 1829 Spargit
423 1766 484 1829 aqui
500 1780 581 1828 captos
593 1764 682 1812 lustrali
693 1765 765 1826 Graja
775 1762 890 1811 sacerdos
903 1798 914 1823 ‚

353 1844 449 1892 Ambiat
460 1859 486 1892 ut
505 1843 581 1891 fulvas
592 1842 670 1891 infula
682 1843 754 1906 longa
763 1857 856 1889 comas.

275 1942 300 1990 75
321 1920 434 1987 Dumque
445 1936 510 1986 parat
521 1923 612 1969 sactum
625 1955 632 1978 ‚
645 1920 704 1968 dum
714 1920 777 1969 velat
784 1936 897 1982 tempora
911 1924 999 1981 vittisa

353 2000 419 2049 Dum
430 1997 502 2049 tardae
513 2000 592 2047 causas
602 2000 694 2045 invenit
705 1999 777 2061 usque
789 2012 881 2052 mor23

321 2078 379 2127 Non
390 2095 434 2142 ego
445 2074 547 2125 crudelis
558 2110 566 2136 ,
578 2080 673 2139 juvenes
685 2077 817 2138 ignoscite,
828 2071 913 2131 dixir3

354 2159 423 2205 Sacra
434 2158 476 2203 suo
488 2155 550 2203 facio
563 2154 700 2200 barbariora
711 2152 776 2200 loeo.

322 2234 390 2282 Ritus
401 2236 419 2281 is
430 2232 462 2281 est
470 2234 554 2296 gentis.
566 2230 620 2289 Qud
631 2246 674 2277 vos
689 2244 769 2277 tamen
781 2230 960 2280 urbevetanis?

275 2325 306 2369 go
355 2310 440 2369 Quove
456 2326 537 2373 parum
550 2307 624 2355 fausti
639 2323 717 2370 puppe
729 2305 818 2370 petistis
828 2309 891 2355 iter?

323 2388 404 2435 Dixit:
421 2391 460 2439 δε,
472 2384 554 2432 audito
564 2387 645 2447 patriae
655 2387 694 2447 pia
705 2387 804 2431 nomine
816 2387 886 2447 virgo
897 2420 905 2445 ‚

355 2464 485 2513 Consortes
497 2462 559 2508 urbis
571 2465 690 2524 comperit
700 2457 746 2509 esse
756 2462 811 2509 suar.

324 2540 391 2589 Alter
404 2554 427 2587 at
444 2556 456 2585 e
472 2538 540 2586 vobis
554 2572 562 2595 ‚
578 2540 673 2601 inquit,
688 2535 758 2586 cadat
773 2537 847 2586 hostia
860 2540 937 2602 sacri,

356 2615 393 2665 Ad
406 2619 492 2680 patrias
504 2612 567 2662 sedes
578 2618 678 2662 nuncius
690 2614 751 2663 alter
761 2629 808 2664 eat.

278 2700 307 2763 85
326 2695 362 2744 Ire
378 2696 444 2758 jubet
460 2690 559 2756 Pylades
571 2709 652 2740 tarum
668 2695 785 2755 periturus
796 2694 908 2745 Oresten:

360 2772 406 2821 Hic
417 2786 488 2835 negat
497 2789 502 2818 :
511 2774 583 2835 inque
593 2773 671 2819 vicem
682 2784 772 2835 pugnat
787 2786 881 2836 uterque
895 2779 968 2826 moti.

324 2848 419 2896 Exstitit
437 2850 483 2896 hoc
499 2862 593 2904 unum,
610 2842 676 2909 quod
686 2862 737 2894 non
750 2851 884 2898 convenerit
898 2850 960 2901 illis:

357 2924 444 2975 Cetera
456 2940 496 2987 par
507 2927 639 2971 concors&
651 2925 700 2970 sine
712 2921 755 2971 lite
764 2922 821 2977 suit,

325 3004 391 3053 Dum
401 3014 516 3067 peragunt
526 2999 618 3063 pulchri
629 3003 727 3063 juvenes
737 3016 857 3061 certamen
866 3005 965 3066 amotis,

276 3091 310 3140 90
359 3079 397 3133 Ad
408 3080 506 3133 fratrem
516 3079 614 3143 scriptas
623 3092 703 3129 exarat
711 3077 755 3131 illa
764 3094 842 3133 nous.
