<?xml version="1.0" encoding="UTF-8"?>
<!DOCTYPE html PUBLIC "-//W3C//DTD XHTML 1.0 Transitional//EN"
    "http://www.w3.org/TR/xhtml1/DTD/xhtml1-transitional.dtd">
<html xmlns="http://www.w3.org/1999/xhtml" xml:lang="en" lang="en">
 <head>
  <title>
</title>
<meta http-equiv="Content-Type" content="text/html;charset=utf-8" />
  <meta name='ocr-system' content='tesseract 3.04.00' />
  <meta name='ocr-capabilities' content='ocr_page ocr_carea ocr_par ocr_line ocrx_word'/>
</head>
<body>
  <div class='ocr_page' id='page_1' title='image "./povidiinasoniso02ovidgoog_0157.png"; bbox 0 0 2325 3959; ppageno 0'>
   <div class='ocr_carea' id='block_1_1' title="bbox 290 440 903 541">
    <p class='ocr_par' dir='ltr' id='par_1_1' title="bbox 290 440 903 541">
     <span class='ocr_line' id='line_1_1' title="bbox 290 440 903 541; baseline -0.024 -10"><span class='ocrx_word' id='word_1_1' title='bbox 290 464 592 531; x_wconf 64' lang='lat' dir='ltr'>Heronem</span> <span class='ocrx_word' id='word_1_2' title='bbox 615 447 700 521; x_wconf 79' lang='lat' dir='ltr'>Lm.</span> <span class='ocrx_word' id='word_1_3' title='bbox 728 440 794 523; x_wconf 83' lang='lat' dir='ltr'>VI.</span> <span class='ocrx_word' id='word_1_4' title='bbox 842 463 903 541; x_wconf 82' lang='lat'>155</span> 
     </span>
    </p>
   </div>
   <div class='ocr_carea' id='block_1_2' title="bbox 188 576 958 2053">
    <p class='ocr_par' dir='ltr' id='par_1_2' title="bbox 188 576 958 2053">
     <span class='ocr_line' id='line_1_2' title="bbox 227 576 958 637; baseline -0.018 -2"><span class='ocrx_word' id='word_1_5' title='bbox 227 584 335 635; x_wconf 82' lang='lat' dir='ltr'>Nomina</span> <span class='ocrx_word' id='word_1_6' title='bbox 349 595 473 633; x_wconf 80' lang='lat' dir='ltr'>mutarunt</span> <span class='ocrx_word' id='word_1_7' title='bbox 482 600 489 630; x_wconf 73' lang='grc' dir='ltr'>ι</span> <span class='ocrx_word' id='word_1_8' title='bbox 498 582 538 629; x_wconf 87' lang='lat' dir='ltr'>hic</span> <span class='ocrx_word' id='word_1_9' title='bbox 552 578 634 637; x_wconf 86' lang='lat' dir='ltr'>Deus,</span> <span class='ocrx_word' id='word_1_10' title='bbox 646 577 688 626; x_wconf 82' lang='lat' dir='ltr'>illa</span> <span class='ocrx_word' id='word_1_11' title='bbox 699 576 753 637; x_wconf 85' lang='lat' dir='ltr'>Dea</span> <span class='ocrx_word' id='word_1_12' title='bbox 765 576 808 625; x_wconf 81' lang='lat' dir='ltr'>eli.</span> <span class='ocrx_word' id='word_1_13' title='bbox 912 580 958 633; x_wconf 78' lang='lat'>550</span> 
     </span>
     <span class='ocr_line' id='line_1_3' title="bbox 191 652 794 724; baseline -0.018 -9"><span class='ocrx_word' id='word_1_14' title='bbox 191 661 247 715; x_wconf 87' lang='lat' dir='ltr'>Cur</span> <span class='ocrx_word' id='word_1_15' title='bbox 257 678 323 713; x_wconf 85' lang='lat' dir='ltr'>vetet</span> <span class='ocrx_word' id='word_1_16' title='bbox 337 660 435 711; x_wconf 81' lang='lat' dir='ltr'><strong>ancillas</strong></span> <span class='ocrx_word' id='word_1_17' title='bbox 453 658 564 709; x_wconf 77' lang='lat' dir='ltr'>accedere</span> <span class='ocrx_word' id='word_1_18' title='bbox 576 660 585 706; x_wconf 75' lang='grc' dir='ltr'><strong>ἓ</strong></span> <span class='ocrx_word' id='word_1_19' title='bbox 597 659 719 724; x_wconf 67' lang='lat' dir='ltr'>queritis:</span> <span class='ocrx_word' id='word_1_20' title='bbox 731 652 794 705; x_wconf 82' lang='lat' dir='ltr'>odit.</span> 
     </span>
     <span class='ocr_line' id='line_1_4' title="bbox 226 736 798 806; baseline -0.01 -17"><span class='ocrx_word' id='word_1_21' title='bbox 226 741 422 806; x_wconf 85' lang='lat' dir='ltr'>Principiumque</span> <span class='ocrx_word' id='word_1_22' title='bbox 437 736 505 797; x_wconf 86' lang='lat' dir='ltr'>odii,</span> <span class='ocrx_word' id='word_1_23' title='bbox 516 741 535 786; x_wconf 85' lang='lat' dir='ltr'>si</span> <span class='ocrx_word' id='word_1_24' title='bbox 547 740 609 785; x_wconf 84' lang='lat' dir='ltr'>sinat</span> <span class='ocrx_word' id='word_1_25' title='bbox 619 737 668 801; x_wconf 84' lang='lat' dir='ltr'>ipsa</span> <span class='ocrx_word' id='word_1_26' title='bbox 681 769 689 794; x_wconf 89' lang='lat'><strong><em>‚</em></strong></span> <span class='ocrx_word' id='word_1_27' title='bbox 704 748 798 783; x_wconf 77' lang='lat' dir='ltr'>canem.</span> 
     </span>
     <span class='ocr_line' id='line_1_5' title="bbox 190 810 823 874; baseline -0.008 -9"><span class='ocrx_word' id='word_1_28' title='bbox 190 816 249 867; x_wconf 86' lang='lat' dir='ltr'>Una</span> <span class='ocrx_word' id='word_1_29' title='bbox 264 818 423 867; x_wconf 81' lang='lat' dir='ltr'>ministratum</span> <span class='ocrx_word' id='word_1_30' title='bbox 442 816 513 865; x_wconf 86' lang='lat' dir='ltr'>solita</span> <span class='ocrx_word' id='word_1_31' title='bbox 523 816 575 874; x_wconf 85' lang='lat' dir='ltr'>est,</span> <span class='ocrx_word' id='word_1_32' title='bbox 591 810 713 874; x_wconf 82' lang='lat' dir='ltr'>Cadmei,</span> <span class='ocrx_word' id='word_1_33' title='bbox 730 826 823 862; x_wconf 80' lang='lat' dir='ltr'>tuarum</span> 
     </span>
     <span class='ocr_line' id='line_1_6' title="bbox 225 895 691 960; baseline -0.006 -16"><span class='ocrx_word' id='word_1_34' title='bbox 225 896 293 960; x_wconf 82' lang='lat' dir='ltr'>Saepe</span> <span class='ocrx_word' id='word_1_35' title='bbox 300 896 343 943; x_wconf 85' lang='lat' dir='ltr'>sub</span> <span class='ocrx_word' id='word_1_36' title='bbox 354 895 475 960; x_wconf 82' lang='lat' dir='ltr'>amplexus</span> <span class='ocrx_word' id='word_1_37' title='bbox 484 897 592 959; x_wconf 79' lang='lat' dir='ltr'>conjugis</span> <span class='ocrx_word' id='word_1_38' title='bbox 602 896 636 942; x_wconf 91' lang='lat' dir='ltr'>ire</span> <span class='ocrx_word' id='word_1_39' title='bbox 648 896 691 942; x_wconf 91' lang='lat' dir='ltr'>tui.</span> 
     </span>
     <span class='ocr_line' id='line_1_7' title="bbox 191 970 952 1038; baseline -0.003 -18"><span class='ocrx_word' id='word_1_40' title='bbox 191 970 321 1038; x_wconf 73' lang='lat' dir='ltr'>improbus</span> <span class='ocrx_word' id='word_1_41' title='bbox 331 975 392 1022; x_wconf 82' lang='lat' dir='ltr'>hanc</span> <span class='ocrx_word' id='word_1_42' title='bbox 403 974 515 1022; x_wconf 79' lang='lat' dir='ltr'>Athamas</span> <span class='ocrx_word' id='word_1_43' title='bbox 526 972 610 1021; x_wconf 87' lang='lat' dir='ltr'>furtim</span> <span class='ocrx_word' id='word_1_44' title='bbox 622 970 707 1021; x_wconf 84' lang='lat' dir='ltr'>dilexit</span> <span class='ocrx_word' id='word_1_45' title='bbox 718 989 725 1019; x_wconf 79' lang='lat' dir='ltr'>t</span> <span class='ocrx_word' id='word_1_46' title='bbox 737 970 766 1019; x_wconf 88' lang='lat' dir='ltr'>ab</span> <span class='ocrx_word' id='word_1_47' title='bbox 782 970 824 1019; x_wconf 89' lang='lat' dir='ltr'>illa</span> <span class='ocrx_word' id='word_1_48' title='bbox 909 973 952 1025; x_wconf 77' lang='lat'>555</span> 
     </span>
     <span class='ocr_line' id='line_1_8' title="bbox 224 1048 704 1116; baseline -0.002 -16"><span class='ocrx_word' id='word_1_49' title='bbox 224 1049 469 1116; x_wconf 80' lang='lat' dir='ltr'>Competitagticolis</span> <span class='ocrx_word' id='word_1_50' title='bbox 476 1052 566 1099; x_wconf 84' lang='lat' dir='ltr'>semina</span> <span class='ocrx_word' id='word_1_51' title='bbox 576 1051 637 1100; x_wconf 84' lang='lat' dir='ltr'>tosta</span> <span class='ocrx_word' id='word_1_52' title='bbox 644 1048 704 1099; x_wconf 81' lang='lat' dir='ltr'>dari.</span> 
     </span>
     <span class='ocr_line' id='line_1_9' title="bbox 190 1126 780 1195; baseline 0.002 -19"><span class='ocrx_word' id='word_1_53' title='bbox 190 1128 245 1194; x_wconf 85' lang='lat' dir='ltr'>lpsa</span> <span class='ocrx_word' id='word_1_54' title='bbox 255 1127 353 1194; x_wconf 89' lang='lat' dir='ltr'>quidem</span> <span class='ocrx_word' id='word_1_55' title='bbox 365 1126 445 1179; x_wconf 81' lang='lat' dir='ltr'>feciffe</span> <span class='ocrx_word' id='word_1_56' title='bbox 456 1144 542 1194; x_wconf 80' lang='lat' dir='ltr'>negat,</span> <span class='ocrx_word' id='word_1_57' title='bbox 557 1126 599 1178; x_wconf 81' lang='lat' dir='ltr'>sed</span> <span class='ocrx_word' id='word_1_58' title='bbox 608 1130 673 1179; x_wconf 86' lang='lat' dir='ltr'>fama</span> <span class='ocrx_word' id='word_1_59' title='bbox 682 1131 780 1195; x_wconf 81' lang='lat' dir='ltr'>recepit.</span> 
     </span>
     <span class='ocr_line' id='line_1_10' title="bbox 223 1206 728 1259; baseline 0 -4"><span class='ocrx_word' id='word_1_60' title='bbox 223 1206 277 1256; x_wconf 86' lang='lat' dir='ltr'>Hoc</span> <span class='ocrx_word' id='word_1_61' title='bbox 297 1207 329 1256; x_wconf 91' lang='lat' dir='ltr'>est</span> <span class='ocrx_word' id='word_1_62' title='bbox 343 1224 384 1257; x_wconf 86' lang='lat' dir='ltr'>eut</span> <span class='ocrx_word' id='word_1_63' title='bbox 395 1206 454 1257; x_wconf 87' lang='lat' dir='ltr'>odio</span> <span class='ocrx_word' id='word_1_64' title='bbox 466 1208 548 1257; x_wconf 84' lang='lat' dir='ltr'>sittibi</span> <span class='ocrx_word' id='word_1_65' title='bbox 560 1208 626 1259; x_wconf 81' lang='lat' dir='ltr'>serva</span> <span class='ocrx_word' id='word_1_66' title='bbox 637 1224 728 1258; x_wconf 82' lang='lat' dir='ltr'>manus.</span> 
     </span>
     <span class='ocr_line' id='line_1_11' title="bbox 188 1282 838 1351; baseline 0.003 -18"><span class='ocrx_word' id='word_1_67' title='bbox 188 1282 249 1333; x_wconf 91' lang='lat' dir='ltr'>Non</span> <span class='ocrx_word' id='word_1_68' title='bbox 262 1300 340 1334; x_wconf 82' lang='lat' dir='ltr'>tamen</span> <span class='ocrx_word' id='word_1_69' title='bbox 353 1288 413 1334; x_wconf 87' lang='lat' dir='ltr'>hanc</span> <span class='ocrx_word' id='word_1_70' title='bbox 425 1302 469 1349; x_wconf 79' lang='lat' dir='ltr'>pto</span> <span class='ocrx_word' id='word_1_71' title='bbox 479 1286 548 1349; x_wconf 87' lang='lat' dir='ltr'>stirpe</span> <span class='ocrx_word' id='word_1_72' title='bbox 560 1284 600 1335; x_wconf 71' lang='lat' dir='ltr'>sul</span> <span class='ocrx_word' id='word_1_73' title='bbox 611 1289 650 1351; x_wconf 82' lang='lat' dir='ltr'>pia</span> <span class='ocrx_word' id='word_1_74' title='bbox 659 1302 735 1337; x_wconf 86' lang='lat' dir='ltr'>matet</span> <span class='ocrx_word' id='word_1_75' title='bbox 746 1282 838 1337; x_wconf 87' lang='lat' dir='ltr'>adoret.</span> 
     </span>
     <span class='ocr_line' id='line_1_12' title="bbox 217 1354 956 1428; baseline 0.004 -19"><span class='ocrx_word' id='word_1_76' title='bbox 217 1361 270 1426; x_wconf 82' lang='lat' dir='ltr'>Ipsa</span> <span class='ocrx_word' id='word_1_77' title='bbox 288 1378 371 1428; x_wconf 83' lang='lat' dir='ltr'>parum</span> <span class='ocrx_word' id='word_1_78' title='bbox 383 1362 440 1411; x_wconf 82' lang='lat' dir='ltr'>felix</span> <span class='ocrx_word' id='word_1_79' title='bbox 450 1364 504 1413; x_wconf 83' lang='lat' dir='ltr'>visa</span> <span class='ocrx_word' id='word_1_80' title='bbox 515 1360 585 1412; x_wconf 81' lang='lat' dir='ltr'>fuiffe</span> <span class='ocrx_word' id='word_1_81' title='bbox 597 1380 690 1428; x_wconf 85' lang='lat' dir='ltr'>patens.</span> <span class='ocrx_word' id='word_1_82' title='bbox 910 1354 956 1412; x_wconf 64' lang='lat'>55⁰</span> 
     </span>
     <span class='ocr_line' id='line_1_13' title="bbox 190 1440 711 1506; baseline 0.002 -16"><span class='ocrx_word' id='word_1_83' title='bbox 190 1441 296 1491; x_wconf 81' lang='lat' dir='ltr'>Alterius</span> <span class='ocrx_word' id='word_1_84' title='bbox 312 1441 405 1506; x_wconf 85' lang='lat' dir='ltr'>prolem</span> <span class='ocrx_word' id='word_1_85' title='bbox 413 1441 499 1490; x_wconf 83' lang='lat' dir='ltr'>melius</span> <span class='ocrx_word' id='word_1_86' title='bbox 510 1440 655 1492; x_wconf 83' lang='lat' dir='ltr'>mandabitis</span> <span class='ocrx_word' id='word_1_87' title='bbox 664 1441 711 1491; x_wconf 86' lang='lat' dir='ltr'>illi.</span> 
     </span>
     <span class='ocr_line' id='line_1_14' title="bbox 224 1518 710 1585; baseline 0.004 -18"><span class='ocrx_word' id='word_1_88' title='bbox 224 1518 316 1568; x_wconf 84' lang='lat' dir='ltr'>Utilior</span> <span class='ocrx_word' id='word_1_89' title='bbox 326 1520 438 1579; x_wconf 82' lang='lat' dir='ltr'>Baccho,</span> <span class='ocrx_word' id='word_1_90' title='bbox 454 1519 529 1585; x_wconf 71' lang='lat' dir='ltr'>quim</span> <span class='ocrx_word' id='word_1_91' title='bbox 540 1520 587 1569; x_wconf 87' lang='lat' dir='ltr'>fuit</span> <span class='ocrx_word' id='word_1_92' title='bbox 597 1521 647 1585; x_wconf 88' lang='lat' dir='ltr'>ipsa</span> <span class='ocrx_word' id='word_1_93' title='bbox 655 1522 710 1569; x_wconf 83' lang='lat' dir='ltr'>suis.</span> 
     </span>
     <span class='ocr_line' id='line_1_15' title="bbox 191 1594 904 1663; baseline 0.001 -16"><span class='ocrx_word' id='word_1_94' title='bbox 191 1596 261 1647; x_wconf 83' lang='lat' dir='ltr'>Hanc</span> <span class='ocrx_word' id='word_1_95' title='bbox 272 1599 328 1657; x_wconf 86' lang='lat' dir='ltr'>tibi,</span> <span class='ocrx_word' id='word_1_96' title='bbox 342 1597 398 1658; x_wconf 76' lang='lat' dir='ltr'>Qud</span> <span class='ocrx_word' id='word_1_97' title='bbox 408 1615 538 1663; x_wconf 82' lang='lat' dir='ltr'>properas,</span> <span class='ocrx_word' id='word_1_98' title='bbox 549 1594 776 1647; x_wconf 82' lang='lat' dir='ltr'>memorantdixiffe</span> <span class='ocrx_word' id='word_1_99' title='bbox 783 1632 791 1659; x_wconf 90' lang='lat'>‚</span> <span class='ocrx_word' id='word_1_100' title='bbox 805 1596 904 1648; x_wconf 75' lang='lat' dir='ltr'>Rutulli</span> 
     </span>
     <span class='ocr_line' id='line_1_16' title="bbox 224 1674 759 1726; baseline 0.002 -2"><span class='ocrx_word' id='word_1_101' title='bbox 224 1675 289 1725; x_wconf 85' lang='lat' dir='ltr'>Luce</span> <span class='ocrx_word' id='word_1_102' title='bbox 306 1675 359 1725; x_wconf 71' lang='lat' dir='ltr'>mel</span> <span class='ocrx_word' id='word_1_103' title='bbox 371 1676 452 1725; x_wconf 82' lang='lat' dir='ltr'>Marso</span> <span class='ocrx_word' id='word_1_104' title='bbox 463 1676 556 1726; x_wconf 82' lang='lat' dir='ltr'>Consul</span> <span class='ocrx_word' id='word_1_105' title='bbox 568 1678 597 1725; x_wconf 88' lang='lat' dir='ltr'>ab</span> <span class='ocrx_word' id='word_1_106' title='bbox 606 1676 671 1725; x_wconf 81' lang='lat' dir='ltr'>hoste</span> <span class='ocrx_word' id='word_1_107' title='bbox 681 1674 759 1726; x_wconf 80' lang='lat' dir='ltr'>eadee.</span> 
     </span>
     <span class='ocr_line' id='line_1_17' title="bbox 189 1742 952 1821; baseline 0.004 -18"><span class='ocrx_word' id='word_1_108' title='bbox 189 1753 272 1804; x_wconf 77' lang='lat' dir='ltr'>Exitus</span> <span class='ocrx_word' id='word_1_109' title='bbox 285 1757 383 1804; x_wconf 75' lang='lat' dir='ltr'>accessit</span> <span class='ocrx_word' id='word_1_110' title='bbox 396 1756 473 1805; x_wconf 85' lang='lat' dir='ltr'>verbis</span> <span class='ocrx_word' id='word_1_111' title='bbox 481 1773 487 1803; x_wconf 87' lang='lat' dir='ltr'>t</span> <span class='ocrx_word' id='word_1_112' title='bbox 495 1752 634 1821; x_wconf 86' lang='lat' dir='ltr'>flumenque</span> <span class='ocrx_word' id='word_1_113' title='bbox 644 1754 765 1805; x_wconf 86' lang='lat' dir='ltr'>Telonum</span> <span class='ocrx_word' id='word_1_114' title='bbox 908 1742 952 1795; x_wconf 73' lang='lat'>5⁶5</span> 
     </span>
     <span class='ocr_line' id='line_1_18' title="bbox 221 1832 723 1900; baseline 0.004 -19"><span class='ocrx_word' id='word_1_115' title='bbox 221 1832 342 1897; x_wconf 83' lang='lat' dir='ltr'>Purpureo</span> <span class='ocrx_word' id='word_1_116' title='bbox 353 1835 433 1881; x_wconf 82' lang='lat' dir='ltr'>mixtis</span> <span class='ocrx_word' id='word_1_117' title='bbox 442 1834 555 1898; x_wconf 81' lang='lat' dir='ltr'>sanguine</span> <span class='ocrx_word' id='word_1_118' title='bbox 566 1832 636 1882; x_wconf 85' lang='lat' dir='ltr'>fluxit</span> <span class='ocrx_word' id='word_1_119' title='bbox 646 1836 723 1900; x_wconf 82' lang='lat' dir='ltr'>aquis.</span> 
     </span>
     <span class='ocr_line' id='line_1_19' title="bbox 188 1909 893 1963; baseline 0.004 -5"><span class='ocrx_word' id='word_1_120' title='bbox 188 1910 313 1959; x_wconf 86' lang='lat' dir='ltr'>Proximus</span> <span class='ocrx_word' id='word_1_121' title='bbox 326 1926 400 1959; x_wconf 82' lang='lat' dir='ltr'>annus</span> <span class='ocrx_word' id='word_1_122' title='bbox 415 1917 466 1958; x_wconf 75' lang='lat' dir='ltr'>erit</span> <span class='ocrx_word' id='word_1_123' title='bbox 477 1929 484 1958; x_wconf 73' lang='lat' dir='ltr'>e</span> <span class='ocrx_word' id='word_1_124' title='bbox 496 1909 630 1959; x_wconf 81' lang='lat' dir='ltr'>Pallantide</span> <span class='ocrx_word' id='word_1_125' title='bbox 642 1913 712 1960; x_wconf 76' lang='lat' dir='ltr'>casus</span> <span class='ocrx_word' id='word_1_126' title='bbox 722 1910 806 1963; x_wconf 67' lang='lat' dir='ltr'>eidem</span> <span class='ocrx_word' id='word_1_127' title='bbox 890 1946 893 1953; x_wconf 37' lang='grc' dir='ltr'><strong><em>ι</em></strong></span> 
     </span>
     <span class='ocr_line' id='line_1_20' title="bbox 222 1976 667 2053; baseline 0.007 -18"><span class='ocrx_word' id='word_1_128' title='bbox 222 1976 307 2036; x_wconf 71' lang='lat' dir='ltr'>Didiis</span> <span class='ocrx_word' id='word_1_129' title='bbox 322 1987 418 2037; x_wconf 85' lang='lat' dir='ltr'>hostiles</span> <span class='ocrx_word' id='word_1_130' title='bbox 433 1991 590 2051; x_wconf 81' lang='lat' dir='ltr'>ingeminavit</span> <span class='ocrx_word' id='word_1_131' title='bbox 601 2006 667 2053; x_wconf 82' lang='lat' dir='ltr'>opes.</span> 
     </span>
    </p>
   </div>
   <div class='ocr_carea' id='block_1_3' title="bbox 103 2055 907 2135">
    <p class='ocr_par' dir='ltr' id='par_1_3' title="bbox 103 2055 907 2135">
     <span class='ocr_line' id='line_1_21' title="bbox 103 2055 907 2135; baseline 0.009 -24"><span class='ocrx_word' id='word_1_132' title='bbox 103 2055 105 2058; x_wconf 39' lang='lat'>⁵</span> <span class='ocrx_word' id='word_1_133' title='bbox 188 2063 241 2113; x_wconf 83' lang='lat' dir='ltr'>Lux</span> <span class='ocrx_word' id='word_1_134' title='bbox 256 2062 358 2124; x_wconf 87' lang='lat' dir='ltr'>eadem,</span> <span class='ocrx_word' id='word_1_135' title='bbox 372 2066 492 2124; x_wconf 79' lang='lat' dir='ltr'>fortuna,</span> <span class='ocrx_word' id='word_1_136' title='bbox 505 2079 545 2115; x_wconf 89' lang='lat' dir='ltr'>tua</span> <span class='ocrx_word' id='word_1_137' title='bbox 558 2066 609 2125; x_wconf 82' lang='lat' dir='ltr'>ell,</span> <span class='ocrx_word' id='word_1_138' title='bbox 625 2068 751 2133; x_wconf 67' lang='lat' dir='ltr'>austerque</span> <span class='ocrx_word' id='word_1_139' title='bbox 762 2066 887 2135; x_wconf 83' lang='lat' dir='ltr'>locusque.</span> <span class='ocrx_word' id='word_1_140' title='bbox 903 2082 907 2093; x_wconf 83' lang='grc'><strong>’</strong></span> 
     </span>
    </p>
   </div>
   <div class='ocr_carea' id='block_1_4' title="bbox 186 2140 959 3229">
    <p class='ocr_par' dir='ltr' id='par_1_4' title="bbox 186 2140 959 3229">
     <span class='ocr_line' id='line_1_22' title="bbox 220 2140 953 2209; baseline 0.007 -18"><span class='ocrx_word' id='word_1_141' title='bbox 220 2140 267 2191; x_wconf 83' lang='lat' dir='ltr'>Sed</span> <span class='ocrx_word' id='word_1_142' title='bbox 284 2143 443 2207; x_wconf 73' lang='lat' dir='ltr'>superinJeiiis</span> <span class='ocrx_word' id='word_1_143' title='bbox 453 2145 505 2208; x_wconf 86' lang='lat' dir='ltr'>quis</span> <span class='ocrx_word' id='word_1_144' title='bbox 518 2142 576 2191; x_wconf 91' lang='lat' dir='ltr'>latet</span> <span class='ocrx_word' id='word_1_145' title='bbox 586 2141 636 2192; x_wconf 84' lang='lat' dir='ltr'>aede</span> <span class='ocrx_word' id='word_1_146' title='bbox 647 2147 724 2209; x_wconf 76' lang='lat' dir='ltr'>togis?</span> <span class='ocrx_word' id='word_1_147' title='bbox 907 2148 953 2197; x_wconf 77' lang='lat'>570</span> 
     </span>
     <span class='ocr_line' id='line_1_23' title="bbox 188 2219 906 2280; baseline 0.007 -10"><span class='ocrx_word' id='word_1_148' title='bbox 188 2220 281 2270; x_wconf 86' lang='lat' dir='ltr'>Servius</span> <span class='ocrx_word' id='word_1_149' title='bbox 296 2219 345 2269; x_wconf 75' lang='lat' dir='ltr'>esta</span> <span class='ocrx_word' id='word_1_150' title='bbox 358 2222 405 2270; x_wconf 88' lang='lat' dir='ltr'>hoc</span> <span class='ocrx_word' id='word_1_151' title='bbox 416 2222 509 2270; x_wconf 86' lang='lat' dir='ltr'>constat</span> <span class='ocrx_word' id='word_1_152' title='bbox 525 2226 589 2270; x_wconf 86' lang='lat' dir='ltr'>enim</span> <span class='ocrx_word' id='word_1_153' title='bbox 600 2239 608 2280; x_wconf 80' lang='lat'>3</span> <span class='ocrx_word' id='word_1_154' title='bbox 623 2220 665 2271; x_wconf 86' lang='lat' dir='ltr'>sed</span> <span class='ocrx_word' id='word_1_155' title='bbox 676 2226 744 2274; x_wconf 89' lang='lat' dir='ltr'>causa</span> <span class='ocrx_word' id='word_1_156' title='bbox 756 2222 846 2274; x_wconf 84' lang='lat' dir='ltr'>latendi</span> <span class='ocrx_word' id='word_1_157' title='bbox 899 2244 906 2257; x_wconf 41' lang='lat' dir='ltr'>v·</span> 
     </span>
     <span class='ocr_line' id='line_1_24' title="bbox 218 2298 902 2367; baseline 0.01 -20"><span class='ocrx_word' id='word_1_158' title='bbox 218 2298 365 2364; x_wconf 82' lang='lat' dir='ltr'>Discrepat‚</span> <span class='ocrx_word' id='word_1_159' title='bbox 385 2303 411 2349; x_wconf 70' lang='grc' dir='ltr'>δε</span> <span class='ocrx_word' id='word_1_160' title='bbox 431 2298 533 2348; x_wconf 87' lang='lat' dir='ltr'>dubium</span> <span class='ocrx_word' id='word_1_161' title='bbox 552 2318 592 2349; x_wconf 87' lang='lat' dir='ltr'>me</span> <span class='ocrx_word' id='word_1_162' title='bbox 605 2316 701 2367; x_wconf 83' lang='lat' dir='ltr'>quoque</span> <span class='ocrx_word' id='word_1_163' title='bbox 719 2306 807 2353; x_wconf 83' lang='lat' dir='ltr'>mentis</span> <span class='ocrx_word' id='word_1_164' title='bbox 822 2306 902 2355; x_wconf 79' lang='lat' dir='ltr'>habet.</span> 
     </span>
     <span class='ocr_line' id='line_1_25' title="bbox 186 2376 903 2444; baseline 0.008 -18"><span class='ocrx_word' id='word_1_165' title='bbox 186 2376 253 2426; x_wconf 87' lang='lat' dir='ltr'>Dum</span> <span class='ocrx_word' id='word_1_166' title='bbox 269 2378 321 2427; x_wconf 77' lang='lat' dir='ltr'>Dea</span> <span class='ocrx_word' id='word_1_167' title='bbox 332 2377 433 2427; x_wconf 79' lang='lat' dir='ltr'>furtivos</span> <span class='ocrx_word' id='word_1_168' title='bbox 445 2376 529 2428; x_wconf 78' lang='lat' dir='ltr'>timidd</span> <span class='ocrx_word' id='word_1_169' title='bbox 541 2378 670 2444; x_wconf 83' lang='lat' dir='ltr'>profitetur</span> <span class='ocrx_word' id='word_1_170' title='bbox 683 2396 794 2444; x_wconf 79' lang='lat' dir='ltr'>amores,</span> <span class='ocrx_word' id='word_1_171' title='bbox 898 2385 903 2405; x_wconf 86' lang='lat'><em>&#39;</em></span> 
     </span>
     <span class='ocr_line' id='line_1_26' title="bbox 219 2454 770 2524; baseline 0.004 -17"><span class='ocrx_word' id='word_1_172' title='bbox 219 2456 396 2524; x_wconf 80' lang='lat' dir='ltr'>Coelestemque</span> <span class='ocrx_word' id='word_1_173' title='bbox 408 2459 501 2507; x_wconf 88' lang='lat' dir='ltr'>homini</span> <span class='ocrx_word' id='word_1_174' title='bbox 511 2454 665 2509; x_wconf 75' lang='lat' dir='ltr'>concubuill&#39;e</span> <span class='ocrx_word' id='word_1_175' title='bbox 675 2457 750 2524; x_wconf 83' lang='lat' dir='ltr'>pudet</span> <span class='ocrx_word' id='word_1_176' title='bbox 763 2478 770 2521; x_wconf 79' lang='lat'><em>3</em></span> 
     </span>
     <span class='ocr_line' id='line_1_27' title="bbox 189 2533 948 2603; baseline 0.001 -19"><span class='ocrx_word' id='word_1_177' title='bbox 189 2533 271 2601; x_wconf 83' lang='lat' dir='ltr'>(Arsit</span> <span class='ocrx_word' id='word_1_178' title='bbox 283 2538 347 2584; x_wconf 88' lang='lat' dir='ltr'>enim</span> <span class='ocrx_word' id='word_1_179' title='bbox 359 2552 447 2600; x_wconf 84' lang='lat' dir='ltr'>magno</span> <span class='ocrx_word' id='word_1_180' title='bbox 458 2552 567 2601; x_wconf 83' lang='lat' dir='ltr'>correpta</span> <span class='ocrx_word' id='word_1_181' title='bbox 577 2535 690 2601; x_wconf 84' lang='lat' dir='ltr'>cupidine</span> <span class='ocrx_word' id='word_1_182' title='bbox 701 2538 789 2603; x_wconf 85' lang='lat' dir='ltr'>Regis,</span> <span class='ocrx_word' id='word_1_183' title='bbox 905 2540 915 2584; x_wconf 80' lang='lat'><em>5</em></span> <span class='ocrx_word' id='word_1_184' title='bbox 921 2540 948 2585; x_wconf 84' lang='lat'>75</span> 
     </span>
     <span class='ocr_line' id='line_1_28' title="bbox 217 2613 959 2683; baseline 0.004 -21"><span class='ocrx_word' id='word_1_185' title='bbox 217 2613 335 2680; x_wconf 81' lang='lat' dir='ltr'>Caecaque</span> <span class='ocrx_word' id='word_1_186' title='bbox 346 2617 371 2662; x_wconf 89' lang='lat' dir='ltr'>in</span> <span class='ocrx_word' id='word_1_187' title='bbox 382 2617 428 2663; x_wconf 88' lang='lat' dir='ltr'>hoc</span> <span class='ocrx_word' id='word_1_188' title='bbox 442 2630 490 2663; x_wconf 86' lang='lat' dir='ltr'>uno</span> <span class='ocrx_word' id='word_1_189' title='bbox 502 2615 552 2663; x_wconf 77' lang='lat' dir='ltr'>no&#39;n</span> <span class='ocrx_word' id='word_1_190' title='bbox 562 2616 609 2665; x_wconf 86' lang='lat' dir='ltr'>fuit</span> <span class='ocrx_word' id='word_1_191' title='bbox 622 2615 666 2665; x_wconf 92' lang='lat' dir='ltr'>illa</span> <span class='ocrx_word' id='word_1_192' title='bbox 674 2620 736 2666; x_wconf 86' lang='lat' dir='ltr'>viro.</span> <span class='ocrx_word' id='word_1_193' title='bbox 747 2617 756 2683; x_wconf 89' lang='lat'>)</span> <span class='ocrx_word' id='word_1_194' title='bbox 955 2620 959 2629; x_wconf 90' lang='lat'>&#39;</span> 
     </span>
     <span class='ocr_line' id='line_1_29' title="bbox 188 2690 828 2756; baseline 0.002 -14"><span class='ocrx_word' id='word_1_195' title='bbox 188 2691 280 2750; x_wconf 65' lang='lat' dir='ltr'>Noae,</span> <span class='ocrx_word' id='word_1_196' title='bbox 291 2690 392 2740; x_wconf 85' lang='lat' dir='ltr'>domum</span> <span class='ocrx_word' id='word_1_197' title='bbox 404 2692 476 2756; x_wconf 81' lang='lat' dir='ltr'>parvi</span> <span class='ocrx_word' id='word_1_198' title='bbox 486 2693 557 2743; x_wconf 86' lang='lat' dir='ltr'>solita</span> <span class='ocrx_word' id='word_1_199' title='bbox 569 2694 602 2742; x_wconf 89' lang='lat' dir='ltr'>est</span> <span class='ocrx_word' id='word_1_200' title='bbox 612 2696 699 2743; x_wconf 87' lang='lat' dir='ltr'>intrate</span> <span class='ocrx_word' id='word_1_201' title='bbox 711 2692 810 2743; x_wconf 74' lang='lat' dir='ltr'>semestri</span> <span class='ocrx_word' id='word_1_202' title='bbox 821 2714 828 2753; x_wconf 81' lang='lat'>3</span> 
     </span>
     <span class='ocr_line' id='line_1_30' title="bbox 218 2767 718 2837; baseline 0.008 -20"><span class='ocrx_word' id='word_1_203' title='bbox 218 2767 290 2818; x_wconf 87' lang='lat' dir='ltr'>Unde</span> <span class='ocrx_word' id='word_1_204' title='bbox 303 2769 438 2818; x_wconf 75' lang='lat' dir='ltr'>fenestellae</span> <span class='ocrx_word' id='word_1_205' title='bbox 448 2774 547 2820; x_wconf 87' lang='lat' dir='ltr'>nomina</span> <span class='ocrx_word' id='word_1_206' title='bbox 558 2786 627 2837; x_wconf 86' lang='lat' dir='ltr'>porta</span> <span class='ocrx_word' id='word_1_207' title='bbox 644 2786 718 2822; x_wconf 88' lang='lat' dir='ltr'>tenet.</span> 
     </span>
     <span class='ocr_line' id='line_1_31' title="bbox 188 2844 826 2911; baseline 0.006 -15"><span class='ocrx_word' id='word_1_208' title='bbox 188 2845 258 2896; x_wconf 88' lang='lat' dir='ltr'>Nunc</span> <span class='ocrx_word' id='word_1_209' title='bbox 276 2844 370 2911; x_wconf 85' lang='lat' dir='ltr'>pudet,</span> <span class='ocrx_word' id='word_1_210' title='bbox 383 2850 408 2895; x_wconf 71' lang='grc' dir='ltr'>δι</span> <span class='ocrx_word' id='word_1_211' title='bbox 421 2848 501 2896; x_wconf 81' lang='lat' dir='ltr'>vultus</span> <span class='ocrx_word' id='word_1_212' title='bbox 511 2848 630 2898; x_wconf 84' lang='lat' dir='ltr'>velamine</span> <span class='ocrx_word' id='word_1_213' title='bbox 641 2850 704 2899; x_wconf 84' lang='lat' dir='ltr'>celae</span> <span class='ocrx_word' id='word_1_214' title='bbox 714 2866 805 2902; x_wconf 86' lang='lat' dir='ltr'>amatos</span> <span class='ocrx_word' id='word_1_215' title='bbox 819 2870 826 2911; x_wconf 91' lang='lat'>·,</span> 
     </span>
     <span class='ocr_line' id='line_1_32' title="bbox 218 2906 952 2993; baseline 0.011 -20"><span class='ocrx_word' id='word_1_216' title='bbox 218 2925 314 2990; x_wconf 83' lang='lat' dir='ltr'>Oraque</span> <span class='ocrx_word' id='word_1_217' title='bbox 328 2925 382 2973; x_wconf 86' lang='lat' dir='ltr'>sunt</span> <span class='ocrx_word' id='word_1_218' title='bbox 395 2924 473 2973; x_wconf 84' lang='lat' dir='ltr'>multa</span> <span class='ocrx_word' id='word_1_219' title='bbox 487 2929 552 2991; x_wconf 83' lang='lat' dir='ltr'>regia</span> <span class='ocrx_word' id='word_1_220' title='bbox 564 2930 624 2977; x_wconf 73' lang='lat' dir='ltr'>tetta</span> <span class='ocrx_word' id='word_1_221' title='bbox 639 2928 705 2993; x_wconf 78' lang='lat' dir='ltr'>togi.</span> <span class='ocrx_word' id='word_1_222' title='bbox 906 2906 952 2967; x_wconf 65' lang='lat'>53⁰</span> 
     </span>
     <span class='ocr_line' id='line_1_33' title="bbox 187 3002 821 3073; baseline 0.003 -20"><span class='ocrx_word' id='word_1_223' title='bbox 187 3003 222 3053; x_wconf 82' lang='lat' dir='ltr'>An</span> <span class='ocrx_word' id='word_1_224' title='bbox 233 3005 308 3067; x_wconf 78' lang='lat' dir='ltr'>magis</span> <span class='ocrx_word' id='word_1_225' title='bbox 323 3002 356 3051; x_wconf 89' lang='lat' dir='ltr'>est</span> <span class='ocrx_word' id='word_1_226' title='bbox 366 3019 450 3052; x_wconf 86' lang='lat' dir='ltr'>vetum</span> <span class='ocrx_word' id='word_1_227' title='bbox 462 3038 471 3064; x_wconf 86' lang='lat'><strong>,</strong></span> <span class='ocrx_word' id='word_1_228' title='bbox 483 3006 535 3069; x_wconf 82' lang='lat' dir='ltr'>post</span> <span class='ocrx_word' id='word_1_229' title='bbox 545 3004 615 3054; x_wconf 86' lang='lat' dir='ltr'>Tulll</span> <span class='ocrx_word' id='word_1_230' title='bbox 631 3006 713 3057; x_wconf 84' lang='lat' dir='ltr'>funeta</span> <span class='ocrx_word' id='word_1_231' title='bbox 726 3004 821 3073; x_wconf 85' lang='lat' dir='ltr'>plebem</span> 
     </span>
     <span class='ocr_line' id='line_1_34' title="bbox 217 3079 714 3145; baseline 0.008 -14"><span class='ocrx_word' id='word_1_232' title='bbox 217 3079 351 3131; x_wconf 86' lang='lat' dir='ltr'>Confusam</span> <span class='ocrx_word' id='word_1_233' title='bbox 361 3079 450 3145; x_wconf 82' lang='lat' dir='ltr'>placidi</span> <span class='ocrx_word' id='word_1_234' title='bbox 462 3097 540 3132; x_wconf 84' lang='lat' dir='ltr'>morte</span> <span class='ocrx_word' id='word_1_235' title='bbox 550 3080 619 3133; x_wconf 74' lang='lat' dir='ltr'>fuiil&#39;e</span> <span class='ocrx_word' id='word_1_236' title='bbox 631 3083 714 3136; x_wconf 81' lang='lat' dir='ltr'>ducis?</span> 
     </span>
     <span class='ocr_line' id='line_1_35' title="bbox 186 3156 836 3229; baseline 0.011 -21"><span class='ocrx_word' id='word_1_237' title='bbox 186 3157 235 3209; x_wconf 87' lang='lat' dir='ltr'>Nee</span> <span class='ocrx_word' id='word_1_238' title='bbox 244 3156 330 3208; x_wconf 80' lang='lat' dir='ltr'>modus</span> <span class='ocrx_word' id='word_1_239' title='bbox 341 3158 405 3208; x_wconf 79' lang='lat' dir='ltr'>ullus</span> <span class='ocrx_word' id='word_1_240' title='bbox 417 3174 467 3210; x_wconf 82' lang='lat' dir='ltr'>eret</span> <span class='ocrx_word' id='word_1_241' title='bbox 479 3178 486 3209; x_wconf 77' lang='lat' dir='ltr'>e</span> <span class='ocrx_word' id='word_1_242' title='bbox 498 3164 618 3214; x_wconf 81' lang='lat' dir='ltr'>crescebat</span> <span class='ocrx_word' id='word_1_243' title='bbox 625 3162 818 3229; x_wconf 78' lang='lat' dir='ltr'>imaginelutiut</span> <span class='ocrx_word' id='word_1_244' title='bbox 828 3181 836 3223; x_wconf 83' lang='lat'>3</span> 
     </span>
    </p>
   </div>
   <div class='ocr_carea' id='block_1_5' title="bbox 708 3242 771 3307">
    <p class='ocr_par' dir='ltr' id='par_1_5' title="bbox 708 3242 771 3307">
     <span class='ocr_line' id='line_1_36' title="bbox 708 3242 771 3307; baseline 0.032 -16"><span class='ocrx_word' id='word_1_245' title='bbox 708 3242 771 3307; x_wconf 87' lang='lat' dir='ltr'>ij</span> 
     </span>
    </p>
   </div>
   <div class='ocr_carea' id='block_1_6' title="bbox 0 0 1168 3959">
    <p class='ocr_par' dir='ltr' id='par_1_6' title="bbox 0 0 1168 3959">
     <span class='ocr_line' id='line_1_37' title="bbox 0 0 1168 3959; baseline 0 1"><span class='ocrx_word' id='word_1_246' title='bbox 0 0 1168 3959; x_wconf 95' lang='lat' dir='ltr'> </span> 
     </span>
    </p>
   </div>
  </div>
 </body>
</html>
