2325 3959
268 458 570 528 FArrorturr
595 456 700 523 Lra.
728 454 784 523 II.
839 478 882 546 57

205 577 316 630 Clamato
326 598 334 640 ι
345 580 414 631 Meus
429 579 461 628 est
472 580 511 627 hic
522 594 594 643 ager,
609 576 651 626 ille
661 592 724 626 tuus.

175 651 211 707 Est
226 660 264 708 via
273 688 282 717 ‚
292 674 345 722 quae
356 656 473 722 populum
486 655 614 704 Laurentes
621 652 689 704 ducit
698 659 724 704 in
735 670 804 723 agros
816 689 824 716 ,

205 734 333 795 Quondam
350 732 474 783 Dardanio
486 748 556 799 regna
564 735 639 797 petita
648 731 713 781 duci.
883 723 937 772 ⁶30

174 810 229 860 illac
240 812 339 875 lanigeri
350 814 441 876 pec'oris
455 812 516 869 tibi,
529 812 642 860 Termine
650 809 715 859 fibris

205 889 273 937 Sacra
285 887 351 938 videt
362 888 412 938 fieti
420 890 496 939 sertus
507 892 536 938 ab
547 889 612 937 Urbe
623 887 691 954 lapis.

174 962 287 1015 Gentibus
299 967 332 1017 est
340 968 392 1017 aliis
405 969 475 1018 tellus
485 966 540 1018 duta
550 968 629 1017 limite
639 984 724 1027 cett03

203 1044 316 1095 Romane
326 1049 427 1111 spatium
440 1046 473 1097 est
485 1046 554 1095 Urbis
567 1052 591 1096 δι
603 1048 667 1095 orbis
679 1045 754 1095 idem.

173 1120 278 1174 NUNC
290 1122 391 1174 dicenda
402 1128 462 1173 mihi
475 1126 544 1189 Regis
556 1126 625 1189 fuga:
633 1127 704 1174 traxit
712 1127 741 1175 ab
750 1124 793 1175 illa
882 1128 927 1191 685

202 1202 283 1251 Sextus
295 1204 324 1252 ab
335 1218 442 1253 extremo
452 1207 552 1253 nomina
562 1206 642 1253 mense
653 1203 712 1255 dies.

171 1278 262 1330 Ultima
279 1282 423 1347 Tarquinius
435 1284 549 1333 Romanae
565 1287 641 1347 gentis
653 1284 755 1332 habebat

137 1408 138 1411 ,
202 1358 340 1421 Regnarvir
349 1360 461 1423 injustus,
473 1361 542 1409 fortis
553 1360 656 1411 adarma
664 1376 753 1414 tamen.

172 1433 273 1499 Ceperat
281 1437 321 1484 hic
333 1436 403 1494 elias,
419 1438 475 1485 alias
487 1452 605 1485 everterat
614 1439 683 1486 urbes
694 1454 705 1498 0,

203 1512 234 1563 Et
251 1514 341 1563 Gabios
357 1516 421 1579 turpi
438 1514 526 1564 fecerat
537 1530 586 1565 arte
603 1515 666 1564 suos.
740 1535 744 1547 ·
884 1514 932 1566 ⁶90

170 1591 281 1658 Namque
300 1596 374 1641 trium
387 1596 517 1654 minimus,
528 1594 607 1659 proles
618 1593 741 1644 manifesta
750 1594 866 1659 Superbi,

201 1671 229 1719 ln
246 1669 340 1721 medios
354 1672 445 1732 holles,
464 1675 533 1721 nocie
548 1673 654 1735 silente,
668 1676 744 1724 venit.

168 1747 292 1799 Nudaraut
303 1748 396 1815 gladios
408 1769 415 1798 t
426 1750 556 1811 occidite,
572 1750 648 1811 dixit,
661 1754 787 1802 inermem.

200 1826 253 1875 lloc
270 1830 367 1893 cupiant
382 1828 481 1890 fratres,
497 1832 690 1897 Tarquiniusque
701 1847 787 1897 pater,

168 1905 216 1967 Qui
235 1922 289 1954 mea
301 1906 398 1956 crudeli·
409 1908 521 1957 laceravit
534 1910 632 1957 verbere
649 1925 724 1974 terga.
889 1910 937 1961 ⁶95

200 1983 286 2033 Dicere
301 1999 327 2032 ut
344 1986 391 2033 hoc
403 1982 496 2049 pollet,
513 1986 611 2035 verbera
621 1984 698 2051 pallus
709 2003 769 2037 erat.

166 2060 236 2109 Luna
249 2060 312 2109 fuit:
325 2063 427 2125 speiiant
438 2064 566 2126 juvenem,
582 2060 721 2129 gladiosque
734 2064 883 2115 recondunt:

201 2138 347 2204 Tergaque,
367 2136 467 2188 deducu
483 2138 565 2199 velle,
583 2155 666 2189 notata
688 2140 779 2191 vident.

167 2216 239 2266 flent
248 2234 360 2283 quoque,
373 2219 413 2277 bt,
426 2233 452 2266 ut
462 2219 542 2266 secum
554 2232 648 2267 tueatur
657 2218 737 2280 bella,
749 2238 882 2286 precantur.

199 2294 312 2347 Callidus
329 2298 417 2361 ignaris
435 2298 519 2345 annuit
534 2295 578 2344 ille
592 2299 659 2345 viris.
885 2314 937 2357 700

165 2374 267 2441 Jamque
277 2390 362 2441 potens
374 2410 382 2434 ‚
398 2373 470 2423 millo
486 2376 621 2441 genitorem
632 2376 737 2441 appellat
747 2382 825 2428 amito
835 2416 844 2441 ,

198 2453 319 2505 Prodendi
337 2455 427 2505 Gabios
438 2452 505 2520 quod
516 2454 561 2501 sibi
570 2455 687 2505 monstret
700 2457 755 2507 iter.

165 2531 258 2583 Hortus
269 2531 376 2583 odoratis
385 2534 477 2583 suberat
484 2532 629 2583 cultissimus
635 2535 725 2587 herbis.

199 2612 278 2661 stetur
291 2613 393 2661 humum
404 2614 455 2660 rivo
467 2611 519 2661 lene
530 2614 634 2661 sonantis
645 2629 723 2679 aquae,

165 2686 223 2737 lllic
241 2688 385 2754 Tarquinius
396 2690 509 2739 mandata
521 2689 619 2739 latentia
632 2694 683 2740 nati
885 2714 934 2767 705

201 2766 315 2829 Accipit,
331 2771 355 2817 bt
369 2768 436 2831 virgi
446 2767 497 2817 lilia
508 2770 601 2817 summa
611 2772 690 2818 metit.

166 2842 280 2907 Nuntius¹
294 2858 320 2891 ut
332 2840 418 2903 rediit,
430 2841 571 2911 deeuffaque
581 2844 632 2893 lilia
642 2845 720 2905 dixit5
740 2845 743 2849 ’

200 2920 293 2981 Filius,
310 2922 420 2985 Agnosco
434 2920 493 2983 iuis:
505 2926 624 2987 parentis,
640 2927 683 2975 ait.

164 2996 221 3049 Nec
241 3015 326 3049 mora:
338 3000 483 3065 principibus
493 3005 558 3050 cesis
569 3019 599 3052 ex
610 3005 666 3053 urbe
677 3005 789 3062 Gabini,

198 3076 339 3128 Traduntur
351 3076 450 3129 ducibus
463 3083 552 3131 moenia
562 3080 625 3133 nuda
636 3084 690 3133 suis.
887 3094 936 3140 710

162 3154 254 3219 nce,
271 3156 337 3208 nefas
352 3158 417 3210 risui
438 3156 524 3211 mediis
543 3159 657 3212 altaribus
672 3165 755 3227 anguis

664 3245 779 3297 ·Cv
