2325 3959
260 388 329 451 244
385 362 445 450 ιΡ.
474 365 630 433 Ονιυιι
651 368 844 445 Nasonis

228 483 233 494 ’
288 485 407 549 Carpere,
419 488 443 535 ot
455 489 481 535 in
491 485 573 537 studiis
581 486 690 537 molliter
703 484 749 539 effe
762 492 835 538 meis:

254 564 286 612 Et
295 580 393 627 parvam
401 564 518 613 celebrare
529 563 630 614 domum
642 599 651 625 ,
668 580 804 632 veteresque
820 566 935 623 Penates5

208 672 238 705 ιο
285 642 317 690 Et
327 658 379 708 quae
388 640 561 698 nuncdornino
570 660 625 692 rura
632 658 731 707 paterna
740 656 822 692 carent
832 660 837 690 :

251 719 326 784 Inque
336 722 388 768 sinu
399 717 517 775 domine,
528 724 634 786 carisque
645 720 787 785 nepotibus,
799 723 875 785 inque

284 798 382 845 Securus
389 798 466 861 patrii
474 794 620 847 consenuifle
631 798 693 849 mei.

250 873 307 923 Haec
320 890 374 924 mea
386 878 419 923 sic
429 873 552 941 quondam
563 878 643 940 peragi
655 877 787 940 speraverat
797 892 867 930 aetas:

267 947 269 950 ’
282 952 333 1002 Hos
343 969 387 1017 ego
396 955 428 1000 sic
437 968 511 1001 annos
519 969 608 1017 ponere
618 952 704 1017 dignus
715 970 789 1004 eram.

203 1030 230 1079 ¹5
249 1029 307 1079 Non
316 1034 350 1079 ita
359 1029 404 1077 Dis
414 1032 489 1079 visum
499 1063 508 1088 ‚
520 1032 562 1094 qui
572 1046 612 1078 me
625 1030 733 1097 tetrique
745 1035 852 1099 marique

281 1109 365 1156 Alium
376 1108 512 1157 Sarmaticis
522 1108 649 1171 exposuere
660 1107 730 1157 locis.

247 1186 276 1234 in
287 1202 344 1235 cava
356 1182 474 1234 ducuntur
485 1179 572 1248 quaffae
584 1184 678 1233 navalia
685 1202 794 1251 puppes,

280 1264 318 1316 Ne
328 1262 416 1312 temeri
426 1266 451 1312 in
463 1259 548 1310 mediis
556 1258 716 1313 diffoluantur
728 1270 804 1331 aquis.

246 1341 284 1391 Ne
296 1340 383 1402 cadat,
404 1344 429 1391 &
441 1340 528 1389 multas
539 1339 630 1404 palmas
644 1343 777 1393 inhonestet
792 1344 903 1411 adeptas,

198 1424 230 1458 ²0
278 1418 416 1485 Languidus
426 1421 451 1467 in
461 1420 534 1482 pratis
544 1420 665 1481 gramina.
677 1422 753 1485 carpit
763 1438 845 1487 equus.
879 1476 884 1481 ,

245 1497 317 1547 Miles
327 1531 336 1556 ,
348 1512 375 1546 ut
385 1498 490 1545 emeritis
500 1495 592 1543 nonest
603 1496 657 1544 satis
667 1497 732 1546 utilis
743 1504 809 1550 annis
819 1534 828 1560 ,

277 1578 350 1625 Ponit
361 1573 391 1624 ad
402 1576 531 1639 antiquos,
542 1588 595 1638 quae
608 1573 663 1623 tulit
672 1589 754 1635 arura,
764 1578 843 1629 Lares.

244 1656 282 1708 Sic
294 1656 380 1719 igitur,
394 1650 463 1702 tardi
472 1654 533 1700 vires
542 1651 665 1700 minuente
676 1653 781 1715 seneiia,

277 1733 319 1781 Me
330 1747 426 1797 quoque
439 1726 523 1779 donari
537 1731 586 1791 jam
597 1726 669 1788 rude,
681 1744 774 1795 tempus
785 1750 842 1783 erat.

197 1834 225 1882 25
246 1810 350 1874 Tempus
361 1823 428 1867 erat,
438 1822 482 1855 nee
491 1821 530 1854 me
541 1807 692 1870 peregrinum
707 1806 792 1861 ducere
803 1812 908 1874 coslum,

277 1887 329 1937 Nec
342 1889 430 1934 siccam
442 1885 528 1933 Getico
539 1881 606 1933 fonte
613 1883 691 1933 levare
701 1887 782 1935 sitim:

243 1964 290 2017 Sed
299 1962 391 2017 modo,
403 1978 463 2029 quos
473 1962 563 2020 habui,
578 1977 681 2011 vacuum
691 1962 798 2013 secedere
810 1968 835 2017 in
846 1968 945 2021 hortos:

276 2044 347 2093 Nunc
356 2043 484 2091 homiuum
495 2035 547 2088 visu
556 2040 634 2094 rursus
646 2032 746 2089 &Urbe
758 2042 814 2093 frui.

142 2146 145 2150 ’
243 2125 281 2172 Sic
292 2157 300 2183 ‚
315 2124 397 2171 animo
408 2115 531 2184 quondam
542 2134 592 2165 non
603 2114 724 2167 divinante
736 2120 830 2183 futura,

197 2229 226 2272 30
275 2193 495 2265 Optabamplacide
505 2197 584 2244 vivere
595 2190 659 2258 poffe
672 2197 748 2247 senex.

243 2282 300 2333 Fara
308 2288 486 2342 repugnarunt,
497 2288 565 2337 quas,
576 2272 632 2320 etim
644 2275 705 2321 mihi
716 2289 824 2341 tempora
834 2282 910 2343 prima
934 2304 936 2308 ·

274 2356 362 2407 Mollia
373 2353 534 2419 praebuerint,
545 2349 674 2413 posteriora
682 2367 789 2415 gravant.

241 2440 359 2501 Jamque,
377 2430 460 2481 decem
471 2426 547 2478 lustris
563 2430 632 2477 omni
642 2430 691 2476 sine
702 2428 754 2479 labe
765 2435 877 2496 peractis,

274 2516 343 2563 Parte
354 2522 448 2574 premor
459 2508 513 2555 vitae
525 2502 641 2553 deteriore
653 2523 720 2556 meae.

195 2617 221 2664 35
241 2595 292 2645 Nec
304 2586 388 2655 procul
403 2585 418 2633 a
432 2586 519 2643 metis,
536 2599 594 2647 quas
607 2600 673 2647 paene
687 2600 766 2637 tenere
777 2588 889 2649 videbar,
962 2644 967 2653 ,

272 2666 401 2722 Curriculo
411 2664 488 2728 gravis
499 2661 532 2709 est
542 2660 603 2709 satia
615 2665 681 2711 ruina
691 2681 757 2714 meo.

240 2753 305 2815 Ergo
315 2746 385 2795 iilum
396 2740 493 2791 demens
501 2741 527 2789 in
534 2755 573 2787 me
583 2740 663 2790 saevire
669 2746 752 2807 coegi,

272 2828 358 2878 Mitius
371 2820 501 2871 immensus
510 2833 560 2883 quo
570 2817 631 2866 nihil
640 2818 704 2867 orbis
715 2822 803 2872 haber?

239 2908 338 2973 Ipsaque
348 2900 439 2950 delitus
448 2898 510 2946 vista
520 2895 552 2943 est
562 2895 689 2945 elementia
700 2898 799 2959 nostris3

186 3001 222 3045 40
271 2983 323 3033 Nec
333 2993 413 3030 tamen
423 2975 497 3022 errori
507 2972 556 3021 vira
562 2988 648 3036 negata
659 2978 728 3023 meo?

240 3064 296 3115 Vita
307 3056 391 3126 procui
402 3050 477 3121 patrii
487 3049 620 3115 peragenda
631 3052 673 3099 sub
682 3068 723 3117 axe
731 3052 824 3113 Boreo,
