2325 3959
192 325 195 328 Ι
238 360 388 445 Errsr.
412 389 468 445 Ex
495 373 710 445 Pom-01.
736 378 786 446 ΙΙ.
817 397 881 468 305

126 510 133 523 ·
185 498 314 548 Primum
327 498 415 548 letitiae
424 514 474 546 non
483 510 555 561 negat
565 492 611 545 effe
622 495 713 544 locum.

146 571 296 643 Quicquid
308 577 338 625 ab
350 580 386 625 his
396 575 510 641 superest,
527 577 593 623 venit
608 575 633 621 in
645 587 763 622 certarnen
779 576 865 623 amoris
877 592 884 622 τ

188 654 253 702 Hac
272 657 403 703 hominum
419 652 480 701 nulii
497 667 562 715 parte
579 648 693 699 secundus
710 655 763 699 eris.
902 668 935 714 ρο

150 727 238 779 Hunc
255 732 319 780 colis
334 748 389 781 ante
404 730 484 785 diem,
496 746 536 794 per
547 745 619 795 quem
635 726 729 777 decreta
745 732 844 779 merenti

192 808 279 857 Venit
294 812 418 857 honoratis
434 808 511 857 laurea
521 805 594 871 digna
605 808 689 854 comis.

154 885 175 933 f
177 886 261 934 elices
274 886 282 935 Ι
303 888 388 951 quibus
406 889 450 935 hos
468 884 537 933 licuit
547 886 649 949 speiiare
661 885 811 947 triumphos,

192 963 229 1011 Et
243 963 323 1013 Ducis
334 981 375 1013 ore
387 964 451 1013 Deos
461 966 619 1027 aequiparante
632 962 687 1010 frui.

155 1037 192 1087 At
201 1042 273 1088 mihi
284 1042 445 1100 Sauromata,
457 1056 502 1104 pro
513 1038 611 1089 Caesaris
622 1054 676 1094 ore,
687 1034 803 1097 videndi,
902 1060 931 1105 ,ς

192 1118 325 1183 Terraque
340 1122 403 1184 pacis
418 1122 503 1181 inops,
522 1114 632 1180 undaque
643 1118 724 1189 vinciax
730 1114 794 1179 gelu.

157 1196 183 1241 si
198 1209 288 1243 tamen
299 1196 350 1243 hec
359 1193 444 1249 audis,
455 1198 480 1243 &
498 1210 547 1244 vox
567 1210 621 1241 mea
637 1196 744 1257 pervenit
759 1192 835 1251 istuc3

193 1271 233 1317 Sit
253 1283 297 1318 tua
314 1269 434 1321 mutando
449 1273 524 1334 gratia
539 1268 627 1317 blanda
641 1268 705 1317 loco.

159 1346 219 1394 Hoc
242 1362 313 1411 pater
326 1339 368 1395 iile
385 1361 460 1406 tuus,
474 1349 554 1411 primo
571 1348 631 1393 mihi
648 1346 726 1393 cultus
741 1346 770 1393 ab
788 1360 858 1405 aevo,

197 1425 224 1472 Si
242 1422 304 1489 quid
317 1426 391 1473 habet
405 1422 483 1473 sensis
500 1425 585 1471 umbra
603 1421 689 1471 diserta
701 1457 709 1480 ,
723 1423 792 1486 perit.
835 1448 840 1463 ·
888 1438 933 1473 100

162 1501 221 1549 Hoc
240 1504 304 1565 petit
319 1506 344 1551 δι
360 1500 451 1551 frater:
464 1505 573 1567 quamvu
586 1498 682 1550 fortaffe
692 1513 786 1551 veretur
793 1532 803 1561 ,

197 1579 316 1629 Servandi
333 1594 419 1629 noceat
433 1595 463 1628 ne
478 1580 523 1629 tibi
541 1595 596 1629 cura
612 1581 668 1627 mei.

163 1657 232 1705 Tota
250 1656 339 1706 domus
353 1661 415 1722 petit
431 1660 479 1707 hoc
499 1676 506 1705 ε
525 1672 577 1707 nee·
588 1672 613 1706 tu
627 1671 695 1722 potes
712 1656 762 1719 ipse
779 1666 883 1717 negare,

196 1735 229 1783 Et
246 1751 291 1783 nos
307 1737 332 1784 in
348 1738 423 1785 turbae
439 1751 505 1802 parte
522 1732 591 1784 fuiffe
608 1750 663 1784 tuae.

164 1812 260 1875 ingenii
271 1812 349 1871 certi,
361 1829 410 1877 quo
421 1829 466 1861 nos
475 1812 538 1862 male
549 1816 662 1861 sensimus
672 1814 741 1867 usos,
886 1836 927 1884 ¹⁰5

197 1890 296 1936 Artibus
314 1892 438 1953 exceptis,
456 1892 515 1953 saepe
533 1893 647 1954 probator
658 1906 716 1938 eras.

167 1964 221 2015 Nec
232 1981 303 2019 mea.
318 1969 337 2013 si
355 1966 449 2014 tantum
464 1981 560 2029 peccata
570 1969 700 2015 novissima
710 1964 806 2023 demas,

201 2038 254 2089 Effe
266 2043 342 2106 potest
353 2041 437 2090 domui
448 2047 497 2091 vita
508 2041 618 2107 pudenda
630 2057 684 2091 tuae.

169 2119 208 2167 Sic
224 2121 297 2182 igitur
313 2119 394 2168 vestre
413 2122 509 2183 vigeant
525 2118 656 2183 penetralia
671 2122 767 2183 gentis,

201 2193 312 2260 Curaque
329 2199 360 2244 sit
374 2198 468 2261 Superis
481 2196 662 2261 Caesaribusque
673 2200 717 2245 tui.
778 2254 779 2257 Ἴ
883 2216 929 2254 110

170 2272 248 2332 Mite,
264 2271 305 2323 sed
322 2276 410 2322 iratum
428 2273 517 2323 meriti
534 2276 595 2323 mihi
612 2273 726 2334 Numen,
745 2271 837 2333 adom

201 2350 293 2400 Eximat
307 2365 335 2400 ut
347 2352 456 2413 Scythici
471 2370 510 2401 me
527 2353 620 2401 feritate
634 2352 691 2401 loci.

171 2425 272 2475 Difficile
283 2426 330 2487 est,
346 2428 440 2487 fateor,
455 2428 496 2479 sed
514 2428 591 2479 tendit
602 2432 628 2479 in
638 2426 711 2479 ardua
721 2431 797 2480 virtus
813 2449 819 2479 z

203 2505 232 2553 Et
247 2504 299 2553 talis
314 2508 394 2555 meriti
411 2510 583 2571 gratiamajor
601 2510 654 2555 erit.

172 2582 221 2632 Nec
230 2596 308 2630 tamen
318 2581 425 2631 AEmaeus
435 2583 500 2632 vasto
512 2583 672 2648 Polyphemus
682 2586 707 2633 in
719 2598 787 2633 antro
880 2608 921 2655 ης

97 2652 100 2657 ’
128 2677 130 2682 ·
205 2660 305 2721 Accipiet
314 2672 400 2717 voces,
415 2657 680 2722 Antiphatesue,tuas=
723 2690 732 2709 .

177 2733 219 2784 Seri
227 2732 328 2798 placidus
339 2734 463 2800 facilisque
474 2736 575 2795 Parem,
587 2740 708 2803 veniaeque
720 2755 831 2803 paratus,

206 2812 234 2861 Et
248 2814 286 2877 qui
301 2812 420 2861 fulmineo
433 2813 492 2876 saepe
505 2816 554 2863 eine
565 2817 620 2878 igne
636 2829 712 2869 tonat.

177 2888 236 2950 Qui,
246 2887 297 2936 cim
308 2888 372 2937 triste
382 2887 474 2954 aliquid
484 2889 581 2950 statuit,
596 2890 625 2943 fit
640 2892 708 2941 tristis
724 2896 748 2942 &
764 2896 811 2959 ipse
823 2914 830 2943 ε

206 2964 291 3029 Cuique
302 2963 350 3013 feri
359 2981 456 3030 peenam
467 2968 558 3017 sumere
568 2984 640 3033 poena
650 2970 690 3021 sua
701 2970 741 3020 est.
875 2974 922 3011 ¹²0

178 3044 238 3097 uua
255 3059 332 3096 tamen
349 3046 410 3098 vitio
428 3046 462 3098 est
478 3048 547 3113 hujus
564 3048 692 3103 clementia
707 3051 806 3103 nostro:
