2325 3959
312 361 381 426 κισ
446 350 490 419 P.
522 352 678 418 Ovium
707 353 918 417 Nasonis

341 474 372 522 Et
388 489 450 524 taras
466 472 554 531 dotes,
571 476 762 538 ingeniumque,
775 470 852 522 dedit.

262 559 288 604 ¹5
309 551 362 601 Hoc
378 567 422 616 ego
440 549 565 616 Pegasidas
575 548 662 600 deduxi
674 554 764 615 primun
776 549 807 600 ad
816 549 913 611 undas,

340 630 378 680 Ne
397 629 459 680 mali
476 628 586 679 fecundae
595 646 655 678 vena
666 632 753 694 periret
762 645 837 695 aquae.

307 708 399 757 Primus
411 706 437 758 id
455 710 533 773 aspexi
544 711 630 757 teneris
641 710 666 756 in
675 711 774 773 virginis
784 710 870 756 annisa

338 787 420 853 thue
431 803 510 853 pater,
526 802 592 836 vent
602 784 697 851 duxque
710 803 839 851 comesque
851 785 896 833 fui.

244 885 247 894 ·
304 865 385 931 Ergo,
404 869 422 914 si
433 879 556 915 remanent
564 867 630 930 ignes
641 865 685 913 tibi
695 867 794 928 pesteris
805 862 870 912 idem
881 897 891 923 ,

257 948 288 981 20
337 944 393 992 Sola
404 959 473 992 tuum
489 958 553 992 vates
568 943 653 991 Lesbia
665 945 746 991 vincet
757 957 827 1006 opus.
840 939 849 960 ⁸

304 1019 350 1070 Sed
367 1038 464 1080 vereor,
483 1036 547 1069 nete
562 1036 616 1068 mea
632 1036 696 1069 nunc
707 1021 811 1069 Fortuna
825 1018 930 1070 retardet
942 1039 951 1080 i

335 1098 425 1162 Perque
436 1112 503 1145 meos
517 1097 583 1144 casus
598 1098 629 1144 sit
640 1097 684 1144 tibi
693 1097 773 1161 pedus
789 1099 861 1144 iners.

301 1173 368 1224 Dum
383 1175 472 1234 licuit,
488 1188 529 1224 tua
539 1175 600 1238 supe
613 1175 690 1239 mihi,
709 1175 753 1221 tibi
766 1173 845 1222 nostra
856 1172 982 1238 legebam:

334 1254 399 1316 Saepe
417 1255 452 1302 tui
469 1250 554 1317 judex,
571 1254 630 1317 sape
642 1251 752 1316 magistet
764 1267 838 1300 etam.

253 1342 280 1388 25
287 1331 347 1399 sAut
360 1347 405 1396 ego
416 1331 549 1396 praebebam
561 1330 627 1378 fallis
641 1327 717 1380 modia
729 1332 834 1392 versibus
848 1345 937 1391 autes,

331 1410 379 1458 Aut
394 1410 434 1458 ubi
453 1406 569 1468 cellares,
587 1409 759 1458 causaruboris
769 1424 844 1457 eram.

299 1487 406 1537 Forsitan
422 1487 532 1552 exemplo
544 1521 552 1546 ,
564 1488 620 1552 quia
631 1503 670 1534 me
681 1487 759 1536 laesere
770 1487 864 1548 libelli,

330 1565 368 1614 Tu
382 1581 478 1632 quoque
488 1568 518 1614 sis
526 1581 602 1630 poenae
613 1565 662 1613 fata
672 1567 751 1616 secuta
761 1582 830 1614 mtae.

296 1643 379 1704 Pone,
392 1643 479 1693 Petilia
491 1678 499 1702 ,
516 1657 609 1692 metum
620 1660 626 1690 a
639 1641 809 1693 tantummodo
820 1644 909 1694 femina
921 1661 973 1695 non
982 1648 1012 1696 sit

249 1737 279 1780 50
328 1720 423 1776 Devia,
446 1736 489 1769 uec
502 1720 594 1784 scriptis
606 1716 681 1768 discat
692 1736 771 1787 amare
783 1724 838 1770 tuis.
928 1714 933 1722 ’

294 1795 359 1864 Ergo
371 1797 466 1848 desidia
475 1813 586 1856 remove,
603 1795 755 1858 doiiissima,
767 1801 859 1849 causata

326 1879 400 1942 Inque
415 1878 488 1926 bonas
503 1879 599 1926 artes&
611 1891 652 1924 tua
662 1878 726 1928 sacra
735 1873 796 1928 aedi.

292 1953 338 2003 Ista
356 1953 442 2003 decens
455 1953 527 2002 facies
538 1952 616 2018 longis
631 1953 755 2002 vitiabitur
767 1956 849 2004 annisa

325 2033 440 2102 Rugaque
454 2033 478 2080 in
496 2034 594 2097 antiqua
609 2030 689 2080 fronte
699 2031 779 2080 senilis
790 2036 844 2082 erit.

244 2108 271 2154 35
291 2108 431 2176 injicietque
441 2125 539 2160 manum
550 2109 634 2158 formae
644 2108 758 2159 damnosa
768 2112 888 2174 seneclus,

322 2186 382 2248 Quae
393 2188 515 2246 strepitum
526 2183 592 2252 paffu
603 2203 653 2237 non
662 2186 763 2237 faciente
772 2192 848 2239 venit.

289 2263 402 2331 Cumque
413 2264 500 2330 aliquis
510 2263 589 2323 dicet,
602 2265 657 2314 Fuit
667 2267 718 2315 haec
729 2266 852 2327 formosa3
868 2267 961 2320 dolebis
973 2289 980 2322 t

320 2343 351 2396 Et
362 2343 484 2409 speculum
495 2340 598 2394 mendax
609 2339 656 2392 eise
665 2343 763 2409 querire
774 2361 852 2395 tuum.

287 2422 347 2470 Sunt
364 2423 407 2470 tibi
419 2436 474 2485 opes
488 2417 609 2478 modicae,
627 2420 682 2469 etim
693 2424 724 2468 sis
736 2419 874 2487 dignissima
887 2429 988 2491 magnis.

235 2500 268 2545 40
317 2501 390 2564 Finge
405 2497 446 2548 sed
462 2500 585 2547 immensis
601 2498 709 2547 censibus
721 2496 767 2548 eise
780 2517 856 2565 pares.

285 2576 378 2642 Nempe
393 2574 435 2626 dat
453 2573 479 2624 id
491 2577 633 2642 cuicumque
644 2574 703 2625 libet
719 2576 830 2638 fortuna,
842 2582 965 2646 rapitque:

316 2654 366 2704 irus
379 2659 403 2704 δι
420 2653 452 2704 est
467 2652 562 2711 subitd,
579 2657 621 2719 qui
636 2651 712 2702 modb
723 2653 821 2704 Ceoesus
837 2671 895 2705 erat.

281 2732 379 2796 Singula
397 2728 455 2797 quid
469 2731 586 2780 referam?
607 2730 642 2780 nii
659 2747 709 2781 non
719 2733 822 2800 mortale
829 2749 951 2796 tenemus,

314 2810 417 2863 Pedonis
427 2812 529 2874 exceptis
543 2810 680 2874 ingeniique
691 2809 770 2859 bonls.

232 2896 262 2941 45
282 2887 317 2937 En
330 2904 391 2952 ego,
409 2887 463 2936 cum
475 2886 552 2952 patrii
570 2903 682 2942 caream,
698 2889 814 2954 vobisque
831 2887 955 2957 domoque
967 2908 976 2951 3

312 2968 436 3032 Raptaque
447 2968 510 3025 sint,
527 2961 601 3015 adimi
613 2981 665 3032 quae
677 2980 791 3030 poeticae,
808 2970 886 3025 mihi3

279 3045 381 3112 Ingenio
398 3057 478 3094 tamen
493 3043 542 3107 ipse
558 3059 614 3094 meo
629 3046 781 3110 comitorque
794 3045 924 3112 fruorque:

912 3126 994 3177 Caesae
