2325 3959
247 330 312 392 218
375 323 418 392 P.
438 324 595 390 Ournrr
614 314 813 390 NAsonrs‘

275 448 306 496 Et
316 447 377 494 mibi
385 459 511 510 perpetuus
520 460 621 510 corpora
632 443 733 509 languor
742 445 823 494 babet.

195 537 221 583 ²5
242 527 285 573 Seu
301 526 387 572 vitiant
398 538 461 572 artus
471 538 539 588 regtae
550 524 661 588 contagia
670 525 774 581 mentis3

274 604 327 652 Sive
337 605 386 650 mei
397 603 465 650 causa
475 601 508 650 est
519 603 544 650 in
552 603 649 666 regione
658 600 732 648 mali:

240 680 275 728 Ut
286 683 353 744 tetigi
364 681 467 729 Pontum
477 709 485 737 -,
497 693 584 729 verant
593 681 729 736 insomnia;
741 679 828 745 vixque

225 749 227 756 ’
272 756 329 807 offa
340 760 399 824 tegit
408 760 494 806 macies
505 791 512 815 ,
524 773 567 804 nec
578 759 645 822 Juvat
654 771 697 805 ora
705 756 781 804 cibus.

240 835 334 900 Quique
345 851 386 899 per
396 849 537 883 autumnum
551 837 665 898 percussis
673 834 761 898 frigore
773 836 852 897 primo

193 931 222 976 30
272 913 310 960 Est
324 911 392 961 color
402 915 428 960 in
437 911 520 970 foliis,
533 927 586 980 qnae
596 927 659 961 nova
670 910 731 962 iaesit
741 913 818 959 hiems
831 928 839 967 ;

239 991 260 1038 Is
271 1006 325 1038 mea
334 989 441 1038 membra
451 1004 524 1038 tenet.
535 989 586 1038 Nec
595 990 685 1041 viribus
696 988 787 1038 allevor
798 989 867 1048 ullis,

271 1067 301 1116 Et
312 1083 444 1132 numquam
452 1067 545 1134 queruli
555 1069 624 1116 causa
635 1065 726 1118 doloris
734 1067 807 1116 abest.

238 1145 289 1194 Nec
299 1146 384 1194 melius
394 1145 480 1205 valeo,
493 1146 567 1212 quim
575 1160 783 1210 corpore,mente;
795 1144 835 1194 sed
846 1162 906 1212 aegra
917 1147 950 1195 est

268 1223 375 1288 Utraque
383 1240 435 1288 part
446 1223 524 1290 aeqne,
539 1225 640 1288 binaque
651 1221 739 1274 damna
750 1223 811 1272 fero.

190 1317 215 1364 ³5
237 1301 331 1362 Hence,
345 1306 370 1352 bt
384 1301 544 1362 anteuenias,
556 1301 632 1351 veluti
644 1300 768 1366 speciabile
779 1317 881 1370 corpus,

268 1378 332 1427 Astat
344 1379 454 1430 Fortuna
466 1379 544 1428 forma
555 1377 655 1442 legenda
664 1395 733 1427 mere.
934 1437 937 1442 ¹

234 1453 326 1520 Ctimq·,
338 1455 537 1523 locum‚motesq·‚
544 1458 682 1513 huminum,
690 1456 794 1521 cultusq3
804 1458 947 1523 sonumque,

268 1531 394 1583 Cernimus
406 1552 413 1592 ·,
426 1539 450 1582 δι
464 1533 523 1602 quid
535 1537 579 1586 sim
591 1569 599 1594 ,
609 1531 669 1599 quid
678 1534 812 1600 fuerimque
823 1571 829 1593 ,
841 1538 903 1584 subit
910 1555 919 1594 3

233 1610 323 1658 Tantus
336 1628 403 1660 amor
417 1615 479 1660 necis
491 1612 538 1670 est,
552 1628 638 1678 querar
648 1628 675 1661 ut
685 1629 741 1661 cum
752 1612 850 1665 cesaris
861 1615 912 1662 iris

184 1707 215 1748 40
266 1686 337 1747 Quod
345 1705 393 1740 non
405 1687 507 1737 offensas
517 1688 624 1739 vindicet
631 1692 685 1738 ense
696 1693 756 1741 suas.

233 1766 264 1814 At
275 1769 387 1830 quoniam
399 1765 471 1817 semel
481 1765 579 1816 estodru
591 1767 693 1816 civiliter
703 1771 772 1824 usus,

265 1845 378 1900 Mutato,
390 1845 465 1895 levior
473 1847 503 1894 sit
512 1845 667 1911 fuganoura,
679 1846 744 1896 loco.
840 1877 846 1888 ·

230 1987 907 2065 merswin-‘ems

309 2185 311 2196 .
396 2109 809 2210 rnncrrrxp

233 2237 938 2370 Hrcquoq3suntigiturGrajae‚(quiscrederetijurbts,

260 2383 322 2430 Inter
336 2385 471 2430 inhumanae
481 2383 584 2433 nomina
592 2382 712 2429 barbariae.
759 2403 761 2407 ·

228 2461 280 2508 Huc
292 2475 386 2524 quoque
398 2458 485 2508 Mileto
497 2461 561 2506 missi
572 2474 657 2506 ventre
667 2459 749 2506 coloni
761 2493 770 2517 ‚

260 2537 333 2601 Inque
349 2537 414 2584 Getis
425 2537 507 2599 Grajm
519 2535 658 2588 constituire
669 2535 765 2586 domos.

197 2640 207 2686 5
228 2613 273 2662 Sed
285 2629 352 2663 vetus
361 2616 417 2662 huic
432 2630 538 2672 nomen,
550 2615 675 2680 positique
685 2618 805 2680 antiquius
815 2617 887 2671 urbe,

258 2692 358 2742 Constat
373 2694 402 2740 ab
416 2693 511 2754 Absyrti
521 2691 585 2743 caede
601 2690 688 2752 fuiffe,
705 2692 770 2741 loto.

225 2771 289 2820 Nam
300 2786 350 2820 rate
364 2805 371 2829 ,
389 2786 442 2838 quae
455 2769 511 2818 curri
521 2773 635 2835 pugnacis
650 2770 709 2818 faita
719 2771 855 2832 Minersae,

257 2849 300 2898 Per
310 2865 361 2899 non
372 2861 472 2898 tentatas
483 2851 560 2912 prima
571 2851 675 2897 cucurrit
685 2865 771 2914 aquam
802 2862 804 2868 ·

224 2929 300 2992 Impia
315 2924 433 2976 desertum
449 2926 541 2991 fugiens
552 2925 638 2976 Media
648 2942 785 2991 parentem,

177 3022 206 3054 ro
254 3007 351 3058 Dicitur
358 3007 395 3056 his
406 3021 485 3054 remos
497 3002 635 3072 applicuiffe
644 3003 720 3056 vadii.
