<?xml version="1.0" encoding="UTF-8"?>
<!DOCTYPE html PUBLIC "-//W3C//DTD XHTML 1.0 Transitional//EN"
    "http://www.w3.org/TR/xhtml1/DTD/xhtml1-transitional.dtd">
<html xmlns="http://www.w3.org/1999/xhtml" xml:lang="en" lang="en">
 <head>
  <title>
</title>
<meta http-equiv="Content-Type" content="text/html;charset=utf-8" />
  <meta name='ocr-system' content='tesseract 3.04.00' />
  <meta name='ocr-capabilities' content='ocr_page ocr_carea ocr_par ocr_line ocrx_word'/>
</head>
<body>
  <div class='ocr_page' id='page_1' title='image "./povidiinasoniso02ovidgoog_0281.png"; bbox 0 0 2325 3959; ppageno 0'>
   <div class='ocr_carea' id='block_1_1' title="bbox 236 426 873 517">
    <p class='ocr_par' dir='ltr' id='par_1_1' title="bbox 236 426 873 517">
     <span class='ocr_line' id='line_1_1' title="bbox 236 426 873 517; baseline 0.006 -24"><span class='ocrx_word' id='word_1_1' title='bbox 236 427 377 496; x_wconf 77' lang='lat' dir='ltr'>Errrr.</span> <span class='ocrx_word' id='word_1_2' title='bbox 406 443 462 494; x_wconf 76' lang='lat' dir='ltr'>nx</span> <span class='ocrx_word' id='word_1_3' title='bbox 484 426 635 495; x_wconf 72' lang='lat' dir='ltr'>Porro</span> <span class='ocrx_word' id='word_1_4' title='bbox 664 429 701 497; x_wconf 85' lang='lat' dir='ltr'>L.</span> <span class='ocrx_word' id='word_1_5' title='bbox 730 431 761 498; x_wconf 90' lang='lat' dir='ltr'>I.</span> <span class='ocrx_word' id='word_1_6' title='bbox 805 452 873 517; x_wconf 76' lang='lat'>279</span> 
     </span>
    </p>
   </div>
   <div class='ocr_carea' id='block_1_2' title="bbox 84 544 927 3168">
    <p class='ocr_par' dir='ltr' id='par_1_2' title="bbox 84 544 927 3168">
     <span class='ocr_line' id='line_1_2' title="bbox 192 544 752 613; baseline 0.007 -19"><span class='ocrx_word' id='word_1_7' title='bbox 192 544 310 613; x_wconf 87' lang='lat' dir='ltr'>Cumque</span> <span class='ocrx_word' id='word_1_8' title='bbox 327 564 383 597; x_wconf 89' lang='lat' dir='ltr'>meo</span> <span class='ocrx_word' id='word_1_9' title='bbox 397 548 463 606; x_wconf 90' lang='lat' dir='ltr'>fato,</span> <span class='ocrx_word' id='word_1_10' title='bbox 479 562 562 612; x_wconf 87' lang='lat' dir='ltr'>quarta</span> <span class='ocrx_word' id='word_1_11' title='bbox 574 547 658 613; x_wconf 79' lang='lat' dir='ltr'>fatigat</span> <span class='ocrx_word' id='word_1_12' title='bbox 668 550 752 599; x_wconf 84' lang='lat' dir='ltr'>hiems.</span> 
     </span>
     <span class='ocr_line' id='line_1_3' title="bbox 84 622 874 693; baseline 0.005 -22"><span class='ocrx_word' id='word_1_13' title='bbox 84 664 90 693; x_wconf 52' lang='lat'><strong>5</strong></span> <span class='ocrx_word' id='word_1_14' title='bbox 154 622 220 673; x_wconf 82' lang='lat' dir='ltr'>Fine</span> <span class='ocrx_word' id='word_1_15' title='bbox 239 641 320 674; x_wconf 84' lang='lat' dir='ltr'>carent</span> <span class='ocrx_word' id='word_1_16' title='bbox 334 625 459 687; x_wconf 82' lang='lat' dir='ltr'>lacrymae,</span> <span class='ocrx_word' id='word_1_17' title='bbox 476 628 522 673; x_wconf 84' lang='lat' dir='ltr'>nisi</span> <span class='ocrx_word' id='word_1_18' title='bbox 537 624 593 674; x_wconf 80' lang='lat' dir='ltr'>crim</span> <span class='ocrx_word' id='word_1_19' title='bbox 608 626 687 691; x_wconf 88' lang='lat' dir='ltr'>stupor</span> <span class='ocrx_word' id='word_1_20' title='bbox 702 628 793 676; x_wconf 87' lang='lat' dir='ltr'>obstitit</span> <span class='ocrx_word' id='word_1_21' title='bbox 808 628 874 676; x_wconf 82' lang='lat' dir='ltr'>illis:</span> 
     </span>
     <span class='ocr_line' id='line_1_4' title="bbox 193 702 925 769; baseline 0.004 -20"><span class='ocrx_word' id='word_1_22' title='bbox 193 702 226 751; x_wconf 87' lang='lat' dir='ltr'>Et</span> <span class='ocrx_word' id='word_1_23' title='bbox 238 703 323 752; x_wconf 87' lang='lat' dir='ltr'>similis</span> <span class='ocrx_word' id='word_1_24' title='bbox 334 707 408 753; x_wconf 89' lang='lat' dir='ltr'>morti</span> <span class='ocrx_word' id='word_1_25' title='bbox 422 706 516 769; x_wconf 73' lang='lat' dir='ltr'>pestora</span> <span class='ocrx_word' id='word_1_26' title='bbox 527 719 610 768; x_wconf 88' lang='lat' dir='ltr'>torpor</span> <span class='ocrx_word' id='word_1_27' title='bbox 622 704 702 752; x_wconf 74' lang='lat' dir='ltr'>hahet.</span> <span class='ocrx_word' id='word_1_28' title='bbox 894 702 925 747; x_wconf 78' lang='lat'>3⁰</span> 
     </span>
     <span class='ocr_line' id='line_1_5' title="bbox 156 777 747 845; baseline 0.008 -20"><span class='ocrx_word' id='word_1_29' title='bbox 156 777 269 827; x_wconf 87' lang='lat' dir='ltr'><strong>Felicem</strong></span> <span class='ocrx_word' id='word_1_30' title='bbox 280 779 377 828; x_wconf 85' lang='lat' dir='ltr'>Nioben</span> <span class='ocrx_word' id='word_1_31' title='bbox 388 780 395 828; x_wconf 75' lang='lat' dir='ltr'>i</span> <span class='ocrx_word' id='word_1_32' title='bbox 407 784 515 845; x_wconf 79' lang='lat' dir='ltr'>quamvis</span> <span class='ocrx_word' id='word_1_33' title='bbox 526 795 563 830; x_wconf 86' lang='lat' dir='ltr'>tot</span> <span class='ocrx_word' id='word_1_34' title='bbox 573 780 656 829; x_wconf 86' lang='lat' dir='ltr'>funera</span> <span class='ocrx_word' id='word_1_35' title='bbox 666 779 727 831; x_wconf 87' lang='lat' dir='ltr'>vidit</span> <span class='ocrx_word' id='word_1_36' title='bbox 739 816 747 841; x_wconf 87' lang='lat'>‚</span> 
     </span>
     <span class='ocr_line' id='line_1_6' title="bbox 194 855 741 922; baseline 0.002 -19"><span class='ocrx_word' id='word_1_37' title='bbox 194 855 257 915; x_wconf 81' lang='lat' dir='ltr'>Quae</span> <span class='ocrx_word' id='word_1_38' title='bbox 275 858 355 922; x_wconf 82' lang='lat' dir='ltr'><strong>posuit</strong></span> <span class='ocrx_word' id='word_1_39' title='bbox 372 860 482 917; x_wconf 83' lang='lat' dir='ltr'>sensum,</span> <span class='ocrx_word' id='word_1_40' title='bbox 497 860 564 907; x_wconf 85' lang='lat' dir='ltr'>saxea</span> <span class='ocrx_word' id='word_1_41' title='bbox 576 858 654 912; x_wconf 72' lang='lat' dir='ltr'>farra,</span> <span class='ocrx_word' id='word_1_42' title='bbox 674 857 741 906; x_wconf 84' lang='lat' dir='ltr'>maii.</span> 
     </span>
     <span class='ocr_line' id='line_1_7' title="bbox 157 932 802 1001; baseline 0.005 -21"><span class='ocrx_word' id='word_1_43' title='bbox 157 932 213 981; x_wconf 87' lang='lat' dir='ltr'>Vos</span> <span class='ocrx_word' id='word_1_44' title='bbox 225 949 323 1000; x_wconf 89' lang='lat' dir='ltr'>quoque</span> <span class='ocrx_word' id='word_1_45' title='bbox 338 934 435 984; x_wconf 84' lang='lat' dir='ltr'>felices!</span> <span class='ocrx_word' id='word_1_46' title='bbox 453 952 553 1001; x_wconf 89' lang='lat' dir='ltr'>quatum</span> <span class='ocrx_word' id='word_1_47' title='bbox 565 936 692 985; x_wconf 80' lang='lat' dir='ltr'>clamantia</span> <span class='ocrx_word' id='word_1_48' title='bbox 704 935 802 984; x_wconf 86' lang='lat' dir='ltr'>fratrem</span> 
     </span>
     <span class='ocr_line' id='line_1_8' title="bbox 193 1010 647 1078; baseline 0.004 -19"><span class='ocrx_word' id='word_1_49' title='bbox 193 1010 295 1061; x_wconf 85' lang='lat' dir='ltr'>Cortice</span> <span class='ocrx_word' id='word_1_50' title='bbox 306 1012 395 1062; x_wconf 82' lang='lat' dir='ltr'>velavit</span> <span class='ocrx_word' id='word_1_51' title='bbox 407 1014 509 1078; x_wconf 90' lang='lat' dir='ltr'>populus</span> <span class='ocrx_word' id='word_1_52' title='bbox 520 1031 561 1062; x_wconf 82' lang='lat' dir='ltr'>ora</span> <span class='ocrx_word' id='word_1_53' title='bbox 571 1030 647 1062; x_wconf 89' lang='lat' dir='ltr'>novo.</span> 
     </span>
     <span class='ocr_line' id='line_1_9' title="bbox 158 1086 922 1156; baseline 0.003 -21"><span class='ocrx_word' id='word_1_54' title='bbox 158 1086 207 1135; x_wconf 83' lang='lat' dir='ltr'>ille</span> <span class='ocrx_word' id='word_1_55' title='bbox 219 1104 265 1153; x_wconf 82' lang='lat' dir='ltr'>ego</span> <span class='ocrx_word' id='word_1_56' title='bbox 279 1090 349 1150; x_wconf 89' lang='lat' dir='ltr'>sum,</span> <span class='ocrx_word' id='word_1_57' title='bbox 366 1091 460 1155; x_wconf 83' lang='lat' dir='ltr'>lignum</span> <span class='ocrx_word' id='word_1_58' title='bbox 472 1095 513 1156; x_wconf 93' lang='lat' dir='ltr'>qui</span> <span class='ocrx_word' id='word_1_59' title='bbox 526 1108 575 1140; x_wconf 91' lang='lat' dir='ltr'>non</span> <span class='ocrx_word' id='word_1_60' title='bbox 591 1088 705 1139; x_wconf 81' lang='lat' dir='ltr'>admittar</span> <span class='ocrx_word' id='word_1_61' title='bbox 715 1092 740 1138; x_wconf 90' lang='lat' dir='ltr'>in</span> <span class='ocrx_word' id='word_1_62' title='bbox 751 1088 843 1137; x_wconf 84' lang='lat' dir='ltr'>ullum:</span> <span class='ocrx_word' id='word_1_63' title='bbox 897 1101 922 1145; x_wconf 78' lang='lat'>35</span> 
     </span>
     <span class='ocr_line' id='line_1_10' title="bbox 85 1151 806 1237; baseline 0.003 -25"><span class='ocrx_word' id='word_1_64' title='bbox 85 1151 87 1170; x_wconf 57' lang='lat'><em>&#39;</em></span> <span class='ocrx_word' id='word_1_65' title='bbox 194 1164 240 1213; x_wconf 92' lang='lat' dir='ltr'>Ille</span> <span class='ocrx_word' id='word_1_66' title='bbox 257 1172 302 1231; x_wconf 81' lang='lat' dir='ltr'>ego</span> <span class='ocrx_word' id='word_1_67' title='bbox 318 1170 390 1227; x_wconf 88' lang='lat' dir='ltr'>sum,</span> <span class='ocrx_word' id='word_1_68' title='bbox 408 1168 492 1217; x_wconf 82' lang='lat' dir='ltr'>frustra</span> <span class='ocrx_word' id='word_1_69' title='bbox 503 1173 543 1234; x_wconf 91' lang='lat' dir='ltr'>qui</span> <span class='ocrx_word' id='word_1_70' title='bbox 560 1169 618 1233; x_wconf 88' lang='lat' dir='ltr'>lapis</span> <span class='ocrx_word' id='word_1_71' title='bbox 635 1165 681 1216; x_wconf 78' lang='lat' dir='ltr'>esse</span> <span class='ocrx_word' id='word_1_72' title='bbox 695 1168 778 1215; x_wconf 86' lang='lat' dir='ltr'>velim.</span> <span class='ocrx_word' id='word_1_73' title='bbox 800 1228 806 1237; x_wconf 39' lang='grc' dir='ltr'>Ι</span> 
     </span>
     <span class='ocr_line' id='line_1_11' title="bbox 159 1242 768 1307; baseline 0.015 -18"><span class='ocrx_word' id='word_1_74' title='bbox 159 1242 215 1307; x_wconf 87' lang='lat' dir='ltr'>Ipsa</span> <span class='ocrx_word' id='word_1_75' title='bbox 235 1242 334 1293; x_wconf 83' lang='lat' dir='ltr'>Medusa</span> <span class='ocrx_word' id='word_1_76' title='bbox 346 1244 422 1294; x_wconf 81' lang='lat' dir='ltr'>oculis</span> <span class='ocrx_word' id='word_1_77' title='bbox 433 1248 513 1295; x_wconf 87' lang='lat' dir='ltr'>veniat</span> <span class='ocrx_word' id='word_1_78' title='bbox 521 1246 577 1294; x_wconf 88' lang='lat' dir='ltr'>licet</span> <span class='ocrx_word' id='word_1_79' title='bbox 588 1246 660 1295; x_wconf 77' lang='lat' dir='ltr'>obvia</span> <span class='ocrx_word' id='word_1_80' title='bbox 668 1245 768 1305; x_wconf 77' lang='lat' dir='ltr'>nostris,</span> 
     </span>
     <span class='ocr_line' id='line_1_12' title="bbox 195 1320 635 1385; baseline 0.005 -18"><span class='ocrx_word' id='word_1_81' title='bbox 195 1321 300 1369; x_wconf 76' lang='lat' dir='ltr'>Amittat</span> <span class='ocrx_word' id='word_1_82' title='bbox 317 1324 378 1370; x_wconf 79' lang='lat' dir='ltr'>vires</span> <span class='ocrx_word' id='word_1_83' title='bbox 391 1324 441 1385; x_wconf 87' lang='lat' dir='ltr'>ipsa</span> <span class='ocrx_word' id='word_1_84' title='bbox 458 1320 558 1370; x_wconf 83' lang='lat' dir='ltr'>Medusa</span> <span class='ocrx_word' id='word_1_85' title='bbox 574 1324 635 1369; x_wconf 85' lang='lat' dir='ltr'>suas.</span> 
     </span>
     <span class='ocr_line' id='line_1_13' title="bbox 160 1395 811 1462; baseline -0.002 -18"><span class='ocrx_word' id='word_1_86' title='bbox 160 1395 275 1445; x_wconf 76' lang='lat' dir='ltr'>Vivaus</span> <span class='ocrx_word' id='word_1_87' title='bbox 288 1431 296 1455; x_wconf 93' lang='lat'><strong><em>‚</em></strong></span> <span class='ocrx_word' id='word_1_88' title='bbox 311 1412 338 1445; x_wconf 89' lang='lat' dir='ltr'>ut</span> <span class='ocrx_word' id='word_1_89' title='bbox 353 1398 419 1445; x_wconf 88' lang='lat' dir='ltr'>sensu</span> <span class='ocrx_word' id='word_1_90' title='bbox 431 1413 563 1462; x_wconf 84' lang='lat' dir='ltr'>numquam</span> <span class='ocrx_word' id='word_1_91' title='bbox 575 1413 695 1445; x_wconf 84' lang='lat' dir='ltr'>careamus</span> <span class='ocrx_word' id='word_1_92' title='bbox 711 1410 791 1444; x_wconf 83' lang='lat' dir='ltr'>amaro</span> <span class='ocrx_word' id='word_1_93' title='bbox 804 1413 811 1443; x_wconf 78' lang='lat' dir='ltr'>r</span> 
     </span>
     <span class='ocr_line' id='line_1_14' title="bbox 194 1472 927 1539; baseline 0.01 -19"><span class='ocrx_word' id='word_1_94' title='bbox 194 1473 228 1522; x_wconf 89' lang='lat' dir='ltr'>Et</span> <span class='ocrx_word' id='word_1_95' title='bbox 241 1477 335 1537; x_wconf 76' lang='lat' dir='ltr'>gravior</span> <span class='ocrx_word' id='word_1_96' title='bbox 350 1472 423 1538; x_wconf 77' lang='lat' dir='ltr'>longa</span> <span class='ocrx_word' id='word_1_97' title='bbox 439 1472 467 1523; x_wconf 84' lang='lat' dir='ltr'>fit</span> <span class='ocrx_word' id='word_1_98' title='bbox 479 1490 532 1523; x_wconf 87' lang='lat' dir='ltr'>mea</span> <span class='ocrx_word' id='word_1_99' title='bbox 544 1490 615 1539; x_wconf 83' lang='lat' dir='ltr'>poena</span> <span class='ocrx_word' id='word_1_100' title='bbox 627 1474 705 1523; x_wconf 73' lang='lat' dir='ltr'>mord.</span> <span class='ocrx_word' id='word_1_101' title='bbox 895 1485 927 1527; x_wconf 69' lang='grc' dir='ltr'>4η</span> 
     </span>
     <span class='ocr_line' id='line_1_15' title="bbox 161 1545 771 1617; baseline 0.002 -19"><span class='ocrx_word' id='word_1_102' title='bbox 161 1545 202 1599; x_wconf 81' lang='lat' dir='ltr'>stc</span> <span class='ocrx_word' id='word_1_103' title='bbox 220 1551 399 1600; x_wconf 82' lang='lat' dir='ltr'>inconsumtum</span> <span class='ocrx_word' id='word_1_104' title='bbox 413 1551 481 1613; x_wconf 88' lang='lat' dir='ltr'>Tityi</span> <span class='ocrx_word' id='word_1_105' title='bbox 499 1553 635 1617; x_wconf 84' lang='lat' dir='ltr'>semperque</span> <span class='ocrx_word' id='word_1_106' title='bbox 650 1553 771 1600; x_wconf 86' lang='lat' dir='ltr'>renascens</span> 
     </span>
     <span class='ocr_line' id='line_1_16' title="bbox 195 1617 761 1696; baseline 0.004 -19"><span class='ocrx_word' id='word_1_107' title='bbox 195 1627 253 1677; x_wconf 87' lang='lat' dir='ltr'>Nou</span> <span class='ocrx_word' id='word_1_108' title='bbox 271 1634 354 1694; x_wconf 88' lang='lat' dir='ltr'>petit,</span> <span class='ocrx_word' id='word_1_109' title='bbox 372 1646 398 1679; x_wconf 89' lang='lat' dir='ltr'>ut</span> <span class='ocrx_word' id='word_1_110' title='bbox 413 1634 488 1696; x_wconf 82' lang='lat' dir='ltr'>possit</span> <span class='ocrx_word' id='word_1_111' title='bbox 504 1617 565 1696; x_wconf 65' lang='lat' dir='ltr'>sape⁰</span> <span class='ocrx_word' id='word_1_112' title='bbox 574 1636 669 1696; x_wconf 89' lang='lat' dir='ltr'>perire,</span> <span class='ocrx_word' id='word_1_113' title='bbox 688 1635 761 1695; x_wconf 71' lang='lat' dir='ltr'>iecur.</span> 
     </span>
     <span class='ocr_line' id='line_1_17' title="bbox 162 1707 851 1777; baseline 0.006 -23"><span class='ocrx_word' id='word_1_114' title='bbox 162 1707 195 1755; x_wconf 81' lang='lat' dir='ltr'>Ar</span> <span class='ocrx_word' id='word_1_115' title='bbox 212 1724 272 1771; x_wconf 86' lang='lat' dir='ltr'>puto</span> <span class='ocrx_word' id='word_1_116' title='bbox 284 1744 291 1768; x_wconf 87' lang='lat'>‚</span> <span class='ocrx_word' id='word_1_117' title='bbox 315 1709 370 1759; x_wconf 77' lang='lat' dir='ltr'>crim</span> <span class='ocrx_word' id='word_1_118' title='bbox 381 1714 491 1777; x_wconf 86' lang='lat' dir='ltr'>requies,</span> <span class='ocrx_word' id='word_1_119' title='bbox 507 1708 673 1777; x_wconf 79' lang='lat' dir='ltr'>medicinaque</span> <span class='ocrx_word' id='word_1_120' title='bbox 685 1710 779 1775; x_wconf 86' lang='lat' dir='ltr'>publiea</span> <span class='ocrx_word' id='word_1_121' title='bbox 790 1724 851 1759; x_wconf 74' lang='lat' dir='ltr'>turre</span> 
     </span>
     <span class='ocr_line' id='line_1_18' title="bbox 196 1787 771 1848; baseline 0.003 -14"><span class='ocrx_word' id='word_1_122' title='bbox 196 1788 299 1836; x_wconf 84' lang='lat' dir='ltr'>Somnus</span> <span class='ocrx_word' id='word_1_123' title='bbox 309 1787 389 1848; x_wconf 87' lang='lat' dir='ltr'>adest,</span> <span class='ocrx_word' id='word_1_124' title='bbox 406 1788 481 1838; x_wconf 87' lang='lat' dir='ltr'>solitis</span> <span class='ocrx_word' id='word_1_125' title='bbox 492 1805 540 1838; x_wconf 85' lang='lat' dir='ltr'>nox</span> <span class='ocrx_word' id='word_1_126' title='bbox 550 1793 616 1839; x_wconf 87' lang='lat' dir='ltr'>venit</span> <span class='ocrx_word' id='word_1_127' title='bbox 627 1791 685 1838; x_wconf 89' lang='lat' dir='ltr'>orba</span> <span class='ocrx_word' id='word_1_128' title='bbox 694 1789 771 1837; x_wconf 77' lang='lat' dir='ltr'>malis.</span> 
     </span>
     <span class='ocr_line' id='line_1_19' title="bbox 87 1863 719 1919; baseline 0.003 -8"><span class='ocrx_word' id='word_1_129' title='bbox 87 1872 94 1879; x_wconf 89' lang='lat'>&#39;</span> <span class='ocrx_word' id='word_1_130' title='bbox 163 1863 262 1913; x_wconf 86' lang='lat' dir='ltr'>Somnia</span> <span class='ocrx_word' id='word_1_131' title='bbox 279 1882 317 1913; x_wconf 90' lang='lat' dir='ltr'>rne</span> <span class='ocrx_word' id='word_1_132' title='bbox 332 1880 421 1915; x_wconf 82' lang='lat' dir='ltr'>terrent</span> <span class='ocrx_word' id='word_1_133' title='bbox 428 1883 497 1916; x_wconf 86' lang='lat' dir='ltr'>veros</span> <span class='ocrx_word' id='word_1_134' title='bbox 506 1868 701 1919; x_wconf 82' lang='lat' dir='ltr'>imitantiacasus</span> <span class='ocrx_word' id='word_1_135' title='bbox 714 1884 719 1913; x_wconf 94' lang='lat'><strong>:</strong></span> 
     </span>
     <span class='ocr_line' id='line_1_20' title="bbox 197 1940 700 2006; baseline -0.004 -17"><span class='ocrx_word' id='word_1_136' title='bbox 197 1940 228 1989; x_wconf 86' lang='lat' dir='ltr'>Et</span> <span class='ocrx_word' id='word_1_137' title='bbox 241 1942 342 2006; x_wconf 80' lang='lat' dir='ltr'>vigilant</span> <span class='ocrx_word' id='word_1_138' title='bbox 352 1944 431 1989; x_wconf 79' lang='lat' dir='ltr'>sensus</span> <span class='ocrx_word' id='word_1_139' title='bbox 446 1946 471 1990; x_wconf 92' lang='lat' dir='ltr'>in</span> <span class='ocrx_word' id='word_1_140' title='bbox 483 1958 535 1989; x_wconf 88' lang='lat' dir='ltr'>mea</span> <span class='ocrx_word' id='word_1_141' title='bbox 547 1941 633 1990; x_wconf 85' lang='lat' dir='ltr'>damna</span> <span class='ocrx_word' id='word_1_142' title='bbox 646 1944 700 1989; x_wconf 86' lang='lat' dir='ltr'>mei.</span> 
     </span>
     <span class='ocr_line' id='line_1_21' title="bbox 164 2015 746 2081; baseline -0.003 -16"><span class='ocrx_word' id='word_1_143' title='bbox 164 2015 213 2065; x_wconf 81' lang='lat' dir='ltr'>Aut</span> <span class='ocrx_word' id='word_1_144' title='bbox 229 2034 273 2081; x_wconf 81' lang='lat' dir='ltr'>ego</span> <span class='ocrx_word' id='word_1_145' title='bbox 292 2020 432 2066; x_wconf 85' lang='lat' dir='ltr'>Sarmaticas</span> <span class='ocrx_word' id='word_1_146' title='bbox 450 2015 533 2065; x_wconf 84' lang='lat' dir='ltr'>videor</span> <span class='ocrx_word' id='word_1_147' title='bbox 549 2021 623 2065; x_wconf 85' lang='lat' dir='ltr'>vitare</span> <span class='ocrx_word' id='word_1_148' title='bbox 639 2019 746 2080; x_wconf 81' lang='lat' dir='ltr'>sagittas:</span> 
     </span>
     <span class='ocr_line' id='line_1_22' title="bbox 115 2090 725 2158; baseline -0.007 -13"><span class='ocrx_word' id='word_1_149' title='bbox 115 2137 120 2145; x_wconf 76' lang='grc'><strong>,</strong></span> <span class='ocrx_word' id='word_1_150' title='bbox 198 2096 245 2141; x_wconf 80' lang='lat' dir='ltr'>Aut</span> <span class='ocrx_word' id='word_1_151' title='bbox 258 2092 314 2144; x_wconf 85' lang='lat' dir='ltr'>dare</span> <span class='ocrx_word' id='word_1_152' title='bbox 324 2097 429 2158; x_wconf 85' lang='lat' dir='ltr'>captivas</span> <span class='ocrx_word' id='word_1_153' title='bbox 441 2090 471 2141; x_wconf 83' lang='lat' dir='ltr'>ad</span> <span class='ocrx_word' id='word_1_154' title='bbox 482 2093 531 2141; x_wconf 84' lang='lat' dir='ltr'>fera</span> <span class='ocrx_word' id='word_1_155' title='bbox 541 2094 622 2144; x_wconf 83' lang='lat' dir='ltr'>vincla</span> <span class='ocrx_word' id='word_1_156' title='bbox 634 2110 725 2143; x_wconf 85' lang='lat' dir='ltr'>manus.</span> 
     </span>
     <span class='ocr_line' id='line_1_23' title="bbox 165 2169 751 2235; baseline -0.005 -15"><span class='ocrx_word' id='word_1_157' title='bbox 165 2172 213 2221; x_wconf 77' lang='lat' dir='ltr'>Aut</span> <span class='ocrx_word' id='word_1_158' title='bbox 227 2206 235 2230; x_wconf 92' lang='lat'>,</span> <span class='ocrx_word' id='word_1_159' title='bbox 257 2173 298 2220; x_wconf 89' lang='lat' dir='ltr'>ubi</span> <span class='ocrx_word' id='word_1_160' title='bbox 310 2170 416 2235; x_wconf 84' lang='lat' dir='ltr'>decipior</span> <span class='ocrx_word' id='word_1_161' title='bbox 429 2169 536 2219; x_wconf 86' lang='lat' dir='ltr'>melioris</span> <span class='ocrx_word' id='word_1_162' title='bbox 545 2172 648 2235; x_wconf 82' lang='lat' dir='ltr'>imagine</span> <span class='ocrx_word' id='word_1_163' title='bbox 660 2172 751 2230; x_wconf 83' lang='lat' dir='ltr'>somni,</span> 
     </span>
     <span class='ocr_line' id='line_1_24' title="bbox 199 2247 926 2313; baseline -0.004 -17"><span class='ocrx_word' id='word_1_164' title='bbox 199 2250 293 2313; x_wconf 78' lang='lat' dir='ltr'>Aspicio</span> <span class='ocrx_word' id='word_1_165' title='bbox 304 2252 384 2313; x_wconf 85' lang='lat' dir='ltr'>patriae</span> <span class='ocrx_word' id='word_1_166' title='bbox 396 2249 455 2296; x_wconf 67' lang='lat' dir='ltr'>tesia</span> <span class='ocrx_word' id='word_1_167' title='bbox 465 2247 545 2295; x_wconf 70' lang='lat' dir='ltr'>relisis</span> <span class='ocrx_word' id='word_1_168' title='bbox 556 2264 624 2295; x_wconf 84' lang='lat' dir='ltr'>meae.</span> <span class='ocrx_word' id='word_1_169' title='bbox 896 2261 926 2305; x_wconf 78' lang='lat'>50</span> 
     </span>
     <span class='ocr_line' id='line_1_25' title="bbox 166 2324 830 2393; baseline -0.003 -18"><span class='ocrx_word' id='word_1_170' title='bbox 166 2327 197 2375; x_wconf 83' lang='lat' dir='ltr'>Et</span> <span class='ocrx_word' id='word_1_171' title='bbox 212 2324 288 2376; x_wconf 72' lang='lat' dir='ltr'>modo</span> <span class='ocrx_word' id='word_1_172' title='bbox 297 2328 439 2381; x_wconf 80' lang='lat' dir='ltr'>vobiscum,</span> <span class='ocrx_word' id='word_1_173' title='bbox 454 2342 514 2393; x_wconf 87' lang='lat' dir='ltr'>quos</span> <span class='ocrx_word' id='word_1_174' title='bbox 526 2327 577 2373; x_wconf 88' lang='lat' dir='ltr'>sum</span> <span class='ocrx_word' id='word_1_175' title='bbox 589 2340 726 2384; x_wconf 85' lang='lat' dir='ltr'>veneratus,</span> <span class='ocrx_word' id='word_1_176' title='bbox 738 2326 809 2374; x_wconf 83' lang='lat' dir='ltr'>amici</span> <span class='ocrx_word' id='word_1_177' title='bbox 822 2360 830 2385; x_wconf 89' lang='lat'><strong><em>,</em></strong></span> 
     </span>
     <span class='ocr_line' id='line_1_26' title="bbox 126 2395 773 2469; baseline -0.005 -15"><span class='ocrx_word' id='word_1_178' title='bbox 126 2395 128 2398; x_wconf 34' lang='lat'>⁵</span> <span class='ocrx_word' id='word_1_179' title='bbox 198 2405 228 2454; x_wconf 88' lang='lat' dir='ltr'>Et</span> <span class='ocrx_word' id='word_1_180' title='bbox 245 2402 321 2454; x_wconf 77' lang='lat' dir='ltr'>modo</span> <span class='ocrx_word' id='word_1_181' title='bbox 332 2404 387 2453; x_wconf 84' lang='lat' dir='ltr'>crim</span> <span class='ocrx_word' id='word_1_182' title='bbox 398 2403 452 2453; x_wconf 71' lang='lat' dir='ltr'>card</span> <span class='ocrx_word' id='word_1_183' title='bbox 461 2408 577 2468; x_wconf 84' lang='lat' dir='ltr'>conjuge,</span> <span class='ocrx_word' id='word_1_184' title='bbox 589 2404 666 2453; x_wconf 80' lang='lat' dir='ltr'>muita</span> <span class='ocrx_word' id='word_1_185' title='bbox 677 2402 773 2469; x_wconf 91' lang='lat' dir='ltr'>loquor.</span> 
     </span>
     <span class='ocr_line' id='line_1_27' title="bbox 166 2482 845 2548; baseline 0.003 -19"><span class='ocrx_word' id='word_1_186' title='bbox 166 2484 202 2530; x_wconf 83' lang='lat' dir='ltr'>Sic</span> <span class='ocrx_word' id='word_1_187' title='bbox 215 2517 222 2540; x_wconf 91' lang='lat'>‚</span> <span class='ocrx_word' id='word_1_188' title='bbox 241 2483 281 2531; x_wconf 90' lang='lat' dir='ltr'>ubi</span> <span class='ocrx_word' id='word_1_189' title='bbox 290 2497 401 2548; x_wconf 89' lang='lat' dir='ltr'>percepta</span> <span class='ocrx_word' id='word_1_190' title='bbox 412 2482 444 2530; x_wconf 87' lang='lat' dir='ltr'>est</span> <span class='ocrx_word' id='word_1_191' title='bbox 459 2484 535 2533; x_wconf 85' lang='lat' dir='ltr'>brevis</span> <span class='ocrx_word' id='word_1_192' title='bbox 547 2486 571 2530; x_wconf 66' lang='grc' dir='ltr'>ὃ(</span> <span class='ocrx_word' id='word_1_193' title='bbox 589 2498 638 2531; x_wconf 90' lang='lat' dir='ltr'>non</span> <span class='ocrx_word' id='word_1_194' title='bbox 648 2499 704 2532; x_wconf 85' lang='lat' dir='ltr'>vera</span> <span class='ocrx_word' id='word_1_195' title='bbox 715 2482 845 2548; x_wconf 87' lang='lat' dir='ltr'>voluptas,</span> 
     </span>
     <span class='ocr_line' id='line_1_28' title="bbox 199 2557 766 2622; baseline 0.005 -17"><span class='ocrx_word' id='word_1_196' title='bbox 199 2560 266 2622; x_wconf 87' lang='lat' dir='ltr'>Pejor</span> <span class='ocrx_word' id='word_1_197' title='bbox 283 2561 313 2607; x_wconf 91' lang='lat' dir='ltr'>ab</span> <span class='ocrx_word' id='word_1_198' title='bbox 324 2557 448 2608; x_wconf 86' lang='lat' dir='ltr'>admonitu</span> <span class='ocrx_word' id='word_1_199' title='bbox 461 2557 488 2607; x_wconf 81' lang='lat' dir='ltr'>fit</span> <span class='ocrx_word' id='word_1_200' title='bbox 499 2559 569 2607; x_wconf 87' lang='lat' dir='ltr'>status</span> <span class='ocrx_word' id='word_1_201' title='bbox 578 2559 619 2607; x_wconf 87' lang='lat' dir='ltr'>iste</span> <span class='ocrx_word' id='word_1_202' title='bbox 633 2560 699 2608; x_wconf 90' lang='lat' dir='ltr'>boni.</span> <span class='ocrx_word' id='word_1_203' title='bbox 762 2586 766 2593; x_wconf 83' lang='grc'>·</span> 
     </span>
     <span class='ocr_line' id='line_1_29' title="bbox 167 2633 922 2711; baseline 0.005 -29"><span class='ocrx_word' id='word_1_204' title='bbox 167 2637 218 2683; x_wconf 81' lang='lat' dir='ltr'>Sive</span> <span class='ocrx_word' id='word_1_205' title='bbox 232 2633 281 2683; x_wconf 85' lang='lat' dir='ltr'>dies</span> <span class='ocrx_word' id='word_1_206' title='bbox 294 2638 367 2699; x_wconf 85' lang='lat' dir='ltr'>igitur</span> <span class='ocrx_word' id='word_1_207' title='bbox 380 2651 450 2699; x_wconf 89' lang='lat' dir='ltr'>caput</span> <span class='ocrx_word' id='word_1_208' title='bbox 462 2637 508 2683; x_wconf 83' lang='lat' dir='ltr'>hoc</span> <span class='ocrx_word' id='word_1_209' title='bbox 518 2636 652 2685; x_wconf 86' lang='lat' dir='ltr'>miserabile</span> <span class='ocrx_word' id='word_1_210' title='bbox 663 2640 755 2699; x_wconf 87' lang='lat' dir='ltr'>cernit,</span> <span class='ocrx_word' id='word_1_211' title='bbox 897 2663 922 2711; x_wconf 72' lang='lat'>55</span> 
     </span>
     <span class='ocr_line' id='line_1_30' title="bbox 199 2713 859 2778; baseline 0.002 -18"><span class='ocrx_word' id='word_1_212' title='bbox 199 2716 251 2761; x_wconf 84' lang='lat' dir='ltr'>Sive</span> <span class='ocrx_word' id='word_1_213' title='bbox 262 2716 367 2776; x_wconf 87' lang='lat' dir='ltr'>pruinosi</span> <span class='ocrx_word' id='word_1_214' title='bbox 381 2713 468 2761; x_wconf 76' lang='lat' dir='ltr'>Noois&#39;</span> <span class='ocrx_word' id='word_1_215' title='bbox 477 2727 579 2777; x_wconf 84' lang='lat' dir='ltr'>aguntur</span> <span class='ocrx_word' id='word_1_216' title='bbox 592 2716 664 2778; x_wconf 83' lang='lat' dir='ltr'>equi:</span> <span class='ocrx_word' id='word_1_217' title='bbox 857 2718 859 2727; x_wconf 89' lang='grc'><strong>’</strong></span> 
     </span>
     <span class='ocr_line' id='line_1_31' title="bbox 169 2788 737 2855; baseline 0.007 -18"><span class='ocrx_word' id='word_1_218' title='bbox 169 2790 205 2837; x_wconf 76' lang='lat' dir='ltr'>sic</span> <span class='ocrx_word' id='word_1_219' title='bbox 219 2806 272 2837; x_wconf 82' lang='lat' dir='ltr'>mea</span> <span class='ocrx_word' id='word_1_220' title='bbox 288 2792 405 2854; x_wconf 86' lang='lat' dir='ltr'>perpetuis</span> <span class='ocrx_word' id='word_1_221' title='bbox 416 2788 542 2855; x_wconf 85' lang='lat' dir='ltr'>liquefiunt</span> <span class='ocrx_word' id='word_1_222' title='bbox 551 2793 646 2855; x_wconf 72' lang='lat' dir='ltr'>pesiora</span> <span class='ocrx_word' id='word_1_223' title='bbox 658 2794 737 2853; x_wconf 88' lang='lat' dir='ltr'>curis,</span> 
     </span>
     <span class='ocr_line' id='line_1_32' title="bbox 202 2866 666 2930; baseline 0.011 -16"><span class='ocrx_word' id='word_1_224' title='bbox 202 2867 295 2930; x_wconf 85' lang='lat' dir='ltr'>Ignibus</span> <span class='ocrx_word' id='word_1_225' title='bbox 303 2866 406 2916; x_wconf 87' lang='lat' dir='ltr'>admotis</span> <span class='ocrx_word' id='word_1_226' title='bbox 418 2881 445 2915; x_wconf 91' lang='lat' dir='ltr'>ut</span> <span class='ocrx_word' id='word_1_227' title='bbox 456 2884 519 2916; x_wconf 86' lang='lat' dir='ltr'>nova</span> <span class='ocrx_word' id='word_1_228' title='bbox 532 2885 586 2918; x_wconf 86' lang='lat' dir='ltr'>cera</span> <span class='ocrx_word' id='word_1_229' title='bbox 597 2868 666 2919; x_wconf 80' lang='lat' dir='ltr'>solet.</span> 
     </span>
     <span class='ocr_line' id='line_1_33' title="bbox 171 2945 870 3014; baseline 0.016 -23"><span class='ocrx_word' id='word_1_230' title='bbox 171 2945 232 3006; x_wconf 80' lang='lat' dir='ltr'>Saepe</span> <span class='ocrx_word' id='word_1_231' title='bbox 240 2960 322 3007; x_wconf 86' lang='lat' dir='ltr'>precor</span> <span class='ocrx_word' id='word_1_232' title='bbox 332 2958 446 3005; x_wconf 82' lang='lat' dir='ltr'>mortem,</span> <span class='ocrx_word' id='word_1_233' title='bbox 453 2962 548 3011; x_wconf 86' lang='lat' dir='ltr'>quoque</span> <span class='ocrx_word' id='word_1_234' title='bbox 560 2963 664 2999; x_wconf 86' lang='lat' dir='ltr'>mortem</span> <span class='ocrx_word' id='word_1_235' title='bbox 669 2946 783 3014; x_wconf 81' lang='lat' dir='ltr'>deprecor</span> <span class='ocrx_word' id='word_1_236' title='bbox 789 2949 853 3001; x_wconf 88' lang='lat' dir='ltr'>idem</span> <span class='ocrx_word' id='word_1_237' title='bbox 862 2970 870 3010; x_wconf 80' lang='lat'>3</span> 
     </span>
     <span class='ocr_line' id='line_1_34' title="bbox 202 3022 927 3091; baseline 0.011 -22"><span class='ocrx_word' id='word_1_238' title='bbox 202 3022 236 3069; x_wconf 90' lang='lat' dir='ltr'>Ne</span> <span class='ocrx_word' id='word_1_239' title='bbox 248 3038 302 3071; x_wconf 83' lang='lat' dir='ltr'>mea</span> <span class='ocrx_word' id='word_1_240' title='bbox 312 3024 467 3073; x_wconf 81' lang='lat' dir='ltr'>Sarmaticum</span> <span class='ocrx_word' id='word_1_241' title='bbox 479 3039 591 3091; x_wconf 81' lang='lat' dir='ltr'>contegat</span> <span class='ocrx_word' id='word_1_242' title='bbox 601 3022 651 3075; x_wconf 82' lang='lat' dir='ltr'>offa</span> <span class='ocrx_word' id='word_1_243' title='bbox 661 3028 747 3077; x_wconf 88' lang='lat' dir='ltr'>solum.</span> <span class='ocrx_word' id='word_1_244' title='bbox 839 3074 841 3080; x_wconf 80' lang='grc'>,</span> <span class='ocrx_word' id='word_1_245' title='bbox 896 3038 927 3077; x_wconf 84' lang='lat'>60</span> 
     </span>
     <span class='ocr_line' id='line_1_35' title="bbox 171 3098 797 3168; baseline 0.002 -17"><span class='ocrx_word' id='word_1_246' title='bbox 171 3098 233 3151; x_wconf 77' lang='lat' dir='ltr'>cum</span> <span class='ocrx_word' id='word_1_247' title='bbox 243 3100 323 3161; x_wconf 81' lang='lat' dir='ltr'>subit,</span> <span class='ocrx_word' id='word_1_248' title='bbox 342 3102 440 3168; x_wconf 77' lang='lat' dir='ltr'>Augusti</span> <span class='ocrx_word' id='word_1_249' title='bbox 457 3118 509 3168; x_wconf 78' lang='lat' dir='ltr'>quae</span> <span class='ocrx_word' id='word_1_250' title='bbox 520 3106 550 3152; x_wconf 88' lang='lat' dir='ltr'>sit</span> <span class='ocrx_word' id='word_1_251' title='bbox 567 3105 710 3166; x_wconf 83' lang='lat' dir='ltr'>clementia,</span> <span class='ocrx_word' id='word_1_252' title='bbox 726 3102 797 3155; x_wconf 88' lang='lat' dir='ltr'>credo</span> 
     </span>
    </p>
   </div>
   <div class='ocr_carea' id='block_1_3' title="bbox 0 0 1194 3959">
    <p class='ocr_par' dir='ltr' id='par_1_3' title="bbox 0 0 1194 3959">
     <span class='ocr_line' id='line_1_36' title="bbox 0 0 1194 3959; baseline 0 0"><span class='ocrx_word' id='word_1_253' title='bbox 0 0 1194 3959; x_wconf 95' lang='lat' dir='ltr'> </span> 
     </span>
    </p>
   </div>
  </div>
 </body>
</html>
