2325 3959
299 411 341 497 58
415 406 460 475 P.
494 406 652 477 Orruit
680 410 879 481 Nasutus

329 527 404 588 Exite
424 532 448 579 ut
459 562 468 589 ,
481 532 588 579 extinctu
599 532 855 598 ignibue,e1tatepit.

297 602 438 655 consulitur
450 604 553 653 Phoebut
565 624 571 652 ι
583 606 633 654 sort
643 607 675 655 eil
683 610 717 655 ita
727 605 820 661 reddita
830 603 921 657 :Metti

330 680 380 741 Qui
390 678 482 731 dederit
491 684 598 747 princepe
608 683 703 743 oscula,
715 687 790 734 viiiot
801 687 856 734 erit.

247 758 385 819 7150seula
395 762 494 826 quisque
507 762 552 810 suae
564 764 635 811 matri
645 778 769 827 properata
780 762 897 813 tulerunt.

330 838 387 888 Nou
396 838 532 894 iutelleeio.
545 838 642 889 credula
652 841 721 892 uteba
731 875 741 897 ‚
753 839 818 893 Deo.

297 916 383 967 Brutus
397 931 446 966 erat
461 917 525 967 llulti
538 920 628 983 iapieue
639 921 761 979 imitator,
776 934 803 968 ut
813 915 872 969 elset

330 996 408 1045 Tutus
418 996 448 1044 ab
457 994 564 1057 iusidiit,
575 994 627 1045 dire
634 998 738 1062 Superbe
748 1032 756 1057 ,
768 1002 823 1047 tuis.

297 1073 342 1123 llle
358 1078 455 1140 jacens,
473 1089 561 1139 pronus
571 1078 643 1125 matri
655 1072 723 1126 dedit
733 1075 816 1125 oscula
821 1076 901 1125 Terre
908 1108 922 1136 ,

251 1163 299 1209 7²0
331 1150 444 1203 Creditus
454 1151 546 1203 offenso
557 1151 707 1220 ptopubuiffe
719 1152 787 1219 pede.

301 1229 414 1296 Cingitur
424 1234 514 1282 interea
528 1232 643 1282 Romanis
654 1230 731 1283 Ardea
740 1234 831 1298 riguit,

332 1308 364 1359 Et
373 1312 462 1376 patitur
473 1310 548 1361 lentae
556 1308 682 1361 obeidioue
692 1326 782 1363 merea.

300 1386 367 1436 Dum
377 1402 446 1437 vetat
458 1423 467 1449 ,
481 1392 505 1438 ὃ(
514 1403 627 1439 metuunt
636 1389 714 1439 hustet
726 1388 879 1439 committere
888 1399 1026 1451 pugnarn,

332 1463 434 1515 luditur
445 1469 471 1516 iu
481 1468 559 1523 cailtie
570 1485 578 1516 a
589 1470 641 1519 otia
651 1466 721 1517 miles
728 1469 787 1531 agit.

80 1521 81 1530 ¹
155 1550 159 1563 '
253 1542 446 1612 7¹5Tatquiuiut
461 1548 558 1610 iuvenes
575 1546 653 1595 socier
666 1544 813 1611 dapibusque
827 1557 943 1608 meroque

89 1623 91 1648 t

334 1621 429 1685 Accipit
440 1639 447 1670 t
459 1637 529 1688 atque
546 1622 596 1672 illie
606 1625 670 1689 Rege
679 1639 772 1675 creatur
781 1625 832 1681 aire

301 1694 368 1744 Dum
383 1712 428 1745 not
445 1694 549 1747 difficilis
560 1702 631 1763 piprq
640 1696 789 1754 teuetdrdea
797 1695 863 1745 bello
873 1729 886 1756 ‚

336 1772 388 1822 Nec
401 1775 457 1823 uiuit
467 1773 498 1825 ad
512 1777 600 1840 patrius
610 1793 676 1826 arma
687 1776 773 1826 referte
783 1775 865 1832 Dente

303 1850 396 1917 Ecquid
406 1855 432 1901 in
443 1852 525 1903 officio
536 1869 602 1904 torut
612 1855 645 1905 est
654 1854 749 1907 socialia
759 1861 769 1905 ἓ
780 1856 805 1903 &
815 1887 824 1913 ,
833 1848 928 1917 Ecquid

255 1935 302 1981 730
336 1928 486 1996 Coniugibus
500 1931 585 1982 uostris
597 1947 681 1982 mutua
691 1949 747 1982 cetra
756 1933 853 1981 sumue?

303 2007 409 2075 Quisque
419 2010 486 2059 suam
495 2008 597 2061 laudant
607 2029 615 2059 e
626 2008 706 2060 studiis
717 2012 848 2061 certamina
856 2008 989 2067 crescunt,

334 2088 365 2137 Et
374 2087 468 2153 fervent
476 2088 556 2139 multu
563 2089 692 2155 linguaque
702 2105 791 2155 corque
802 2102 877 2137 meto.

302 2168 399 2233 Surgit,
416 2171 454 2217 cui
468 2168 561 2217 clatum
570 2165 670 2217 dederat
678 2167 787 2219 Collatia
795 2181 885 2216 nomeu
896 2180 908 2223 ·,

334 2244 392 2294 Non
402 2262 461 2311 opus
472 2246 507 2295 eli
514 2248 592 2296 verbis
602 2281 611 2307 ,
621 2244 710 2297 credite
720 2246 805 2303 rebus,
816 2247 860 2293 aie.

255 2324 358 2380 ⁷35N0x
375 2324 474 2389 superest
485 2342 490 2373 ι
502 2324 617 2375 tollamur
627 2327 694 2391 equit
705 2360 715 2384 ‚
732 2323 871 2389 Urbemque
879 2333 1007 2386 petamus.

334 2400 404 2451 Distu
414 2403 523 2467 placente
533 2403 606 2453 frenis
616 2396 778 2469 impediuntur
789 2402 853 2467 equi.

302 2481 449 2529 Pertulerattt
463 2479 574 2531 dominus
586 2470 693 2547 :regalia
702 2483 809 2547 protinus
819 2478 858 2528 illi

336 2559 408 2608 Testa
424 2576 508 2626 petunt
519 2580 525 2609 t
538 2560 615 2610 custos
626 2563 653 2609 in
662 2559 714 2611 fure
725 2558 805 2609 nullus
815 2571 874 2607 erat.

302 2637 364 2687 Eece
381 2654 468 2687 nurum
486 2641 573 2704 Regis,
592 2638 649 2687 fusis
663 2654 704 2703 per
715 2636 779 2687 colla
789 2635 903 2694 cotonia,

255 2736 302 2777 740
334 2716 460 2766 Inveniunt
472 2721 551 2781 posito
561 2715 702 2782 pervigilare
711 2731 788 2765 meru.

304 2793 362 2843 lude
373 2796 422 2843 cito
435 2791 500 2858 pulsu
510 2798 599 2860 petitur
609 2795 734 2843 lucretia:
743 2793 816 2843 nebat
827 2809 836 2851 e

335 2874 397 2922 Ante
414 2887 495 2923 eorum
512 2874 621 2937 calathi,
637 2873 738 2938 laeteque
757 2870 856 2930 mollis,
872 2881 948 2919 erant.

302 2951 395 3001 Lumen
412 2948 443 3001 ed
460 2955 570 3017 exiguum
581 2951 680 3004 'semele
692 2950 748 3003 data
758 2952 829 3017 pensa
838 2948 968 2999 trahebant
977 2985 991 3012 ,

336 3031 400 3079 lnter
414 3046 471 3095 quat
481 3034 545 3081 tenui
557 3034 589 3081 tie
599 3034 634 3080 ait
644 3032 694 3095 ipsa
705 3032 773 3079 sonu.

256 3106 425 3172 745ltlitreude
436 3108 467 3159 est
474 3106 575 3161 domiue
584 3107 594 3175 (
603 3125 684 3171 nunc,
694 3125 758 3160 nuuc
765 3120 906 3175 properate,
917 3107 1033 3178 puelle)
