2325 3959
248 395 321 495 ‘368
378 405 421 473 P.
454 406 610 473 Orruit
636 392 835 471 NAsours

209 534 254 579 ¹50
288 527 383 582 Sidera,
395 526 491 577 solicito
502 542 560 593 quas
571 523 654 574 damus
669 540 727 584 ore,
741 539 833 589 precer·

256 610 395 657 perveniant
407 606 466 655 iiiuc
478 609 502 654 &
518 607 623 653 carmina
634 603 734 652 forsitan
752 602 814 659 illa,

289 685 347 746 Qua
362 682 392 733 de
405 698 428 732 te
442 686 496 731 miti
510 683 591 731 crelite
605 680 665 731 faeia
680 696 755 731 noto.

254 765 365 827 Auguror
374 764 410 810 his
418 764 491 827 igitur
499 758 561 809 fleur
569 775 610 809 tua
620 762 735 817 numina,
746 773 791 805 nec
804 770 831 805 ttt

289 838 414 889 immeritis
424 855 514 889 nomen
524 842 584 888 snite
593 838 699 887 Parentis
709 836 791 885 habes.

258 967 971 1042 &Q

410 1083 832 1177 Erisuottx.

344 1228 861 1324 ‘Aturuomuu

261 1352 332 1490 H
342 1440 373 1473 rc
389 1426 450 1486 mihi
465 1422 600 1475 Cimmerio
611 1423 647 1472 bit
662 1426 731 1473 tertia
746 1420 842 1471 ducitur
853 1417 920 1469 astas

273 1497 276 1503 ’
293 1500 390 1563 Litore,
402 1502 497 1567 pellitos
509 1505 571 1551 inter
580 1499 673 1567 agenda
682 1502 764 1553 Getae.

261 1577 357 1643 Ecquos
368 1594 393 1627 tu
407 1579 501 1641 silices,
518 1578 626 1645 ecquod,
641 1582 777 1639 carissime,
793 1577 883 1627 ferrtun

294 1654 395 1705 Duritiae
408 1658 518 1718 confers,
537 1657 704 1711 Albinovano,
722 1664 798 1709 mea?

231 1734 241 1779 5
261 1729 336 1780 Gutta
347 1745 415 1780 cavat
425 1730 547 1796 lapidem,
560 1732 709 1781 consumitur
722 1732 823 1781 annulus
834 1732 895 1791 usu,

295 1809 325 1861 Et
337 1811 419 1859 teritur
434 1808 512 1875 pressi
525 1808 725 1860 vomeraduncus
738 1812 823 1859 humo.

262 1892 368 1954 Tempus
379 1884 438 1937 edax
450 1890 542 1953 igitur,
555 1903 641 1956 praeter
654 1905 716 1950 nos,
732 1891 815 1937 omnia
829 1884 932 1954 perdet?

299 1964 382 2019 Ceffat
398 1956 486 2018 duritia
502 1966 574 2037 Mors*
585 1983 680 2033 quoque
696 1968 758 2016 vidia
775 1966 838 2015 meai.

263 2046 406 2112 Exemplum
419 2044 451 2093 est
464 2047 537 2093 animi
548 2044 650 2093 nimium
662 2047 773 2109 patieutis
784 2040 897 2107 Ulyffes,

216 2143 247 2177 to
297 2126 397 2174 lactatus
408 2121 482 2171 dubio
494 2139 535 2187 per
549 2120 599 2171 duo
610 2121 681 2171 lustra
695 2125 764 2171 mati.

265 2205 386 2266 Tempora
399 2200 486 2249 soliciti
501 2198 541 2249 sed
556 2216 607 2251 non
622 2214 703 2251 tamen
716 2203 799 2249 omnia
817 2198 861 2248 fati

299 2278 415 2335 Pertulit3
431 2282 455 2326 δι
472 2274 571 2341 placidae
588 2278 647 2342 saepe
662 2276 726 2327 fuere
741 2293 824 2326 mora.

265 2358 302 2409 An
318 2373 388 2422 grave
400 2356 439 2403 sex
456 2358 523 2405 annis
536 2354 661 2418 pulchram
675 2352 760 2404 foviile
776 2354 900 2419 Calypso,

300 2426 472 2501 Equoreaeque
487 2432 534 2481 fuit
548 2430 700 2483 concubuiffe
715 2432 787 2485 Deae?

219 2530 245 2579 15
265 2514 359 2578 Excipit
374 2508 539 2575 Hippotades,
555 2513 596 2575 qui
612 2508 654 2561 dat
670 2528 714 2575 pro
729 2527 826 2559 munere
843 2522 946 2565 ventos,

298 2590 390 2641 Curvet
403 2603 429 2637 ut
446 2578 563 2652 impulsos
580 2588 645 2637 utilis
657 2606 713 2637 aura
728 2592 803 2638 sinus.

264 2668 318 2719 Nec
334 2669 393 2715 bene
407 2680 528 2716 cantantes
544 2665 612 2716 labor
627 2666 659 2715 est
673 2664 763 2715 audiffe
778 2665 886 2732 puellas,

299 2746 351 2795 Nec
367 2742 497 2810 degustanti
515 2744 578 2793 lotos
592 2762 671 2794 amara
688 2744 742 2793 fuit.

268 2824 319 2872 Hos
334 2838 392 2887 ego,
408 2827 449 2888 qui
463 2826 545 2887 patriae
563 2822 654 2871 faciant
668 2823 775 2877 oblivia,
792 2811 875 2872 ¹succos

212 2926 251 2961 ,ao
301 2901 368 2949 Parte
378 2916 436 2948 mea·
446 2904 515 2959 vitae,
530 2904 549 2949 si
563 2898 638 2949 modd
655 2898 757 2961 dentur,
773 2917 861 2949 emam.

269 2980 320 3031 Nec
332 2994 358 3028 tu
369 2978 497 3028 contuleris
516 2979 601 3027 urbem
616 2978 771 3044 Laestrygonis
786 2995 902 3043 umquam

305 3056 437 3121 Gentibus,
454 3056 554 3125 obliqui
569 3073 628 3125 quas
641 3056 695 3109 obit
706 3056 762 3107 Ister
775 3055 848 3125 aqud.
