2325 3959
253 414 396 486 Emer.
418 435 475 486 nx
501 423 654 498 PouTo
678 436 768 509 LI.
807 466 870 529 291

182 521 301 585 'Scribere
313 556 320 586 t
333 542 425 589 crustati
437 543 534 595 vulnera
545 550 622 601 nostre
635 557 729 607 timent.

160 599 339 677 Qualicumque
354 614 431 665 modo
447 622 507 669 mihi
521 625 568 680 tint
578 644 605 675 ea
617 628 693 691 facia,
705 652 787 701 togate

194 683 295 737 Desine:
305 706 355 739 non
366 697 440 757 agites
451 732 459 756 ,
471 703 490 747 si
499 717 546 766 qua
558 710 624 755 coire
635 710 702 759 telis.

162 760 285 828 Quicquid
293 766 318 816 id
332 770 382 831 cst,
394 789 476 824 utnon
486 776 576 829 facinus
587 818 594 841 ‚
607 788 639 833 sic
648 788 718 853 culpa
728 795 871 849 vocandum.
891 808 918 849 ²5

194 840 280 890 Omnis
291 862 321 893 an
331 850 356 895 in
367 866 466 915 magnos
478 855 547 920 culpa
558 860 623 909 Deos
634 866 708 915 scelus
716 870 764 919 est?

85 923 87 934 ’
159 918 216 980 Spes
233 922 305 984 igitur
316 931 391 975 menti
402 937 497 993 'poenae,
509 937 632 995 Gtaeciue,
644 942 750 996 levandae

192 994 250 1045 Non
268 1000 339 1049 estex
351 1019 405 1053 toto
420 1008 486 1059 nulia
495 1012 574 1062 relicta
586 1033 653 1069 mete.
739 1014 743 1021 ¹

156 1067 216 1119 Haec
227 1072 295 1134 Dea,
308 1076 363 1126 cim
378 1079 488 1145 fugerent
498 1086 621 1141 sceleratas
636 1100 735 1148 numina
749 1116 837 1167 terras,

185 1149 214 1197 In
224 1149 270 1200 Dis
281 1156 358 1206 inviti
370 1158 421 1209 sola
431 1168 543 1214 remansit
555 1170 640 1219 huuto·
892 1198 920 1239 30

155 1226 215 1276 Haec
228 1229 302 1285 facit.
318 1249 345 1282 ut
360 1237 426 1285 vivat
435 1241 526 1289 viniiut
541 1260 639 1313 quoque
653 1254 769 1319 compede
782 1258 856 1310 foffor
864 1281 871 1322 3

189 1306 320 1373 Libetaque
331 1327 345 1359 a
360 1310 432 1371 fetro,
441 1332 509 1367 cruta
520 1320 600 1372 futura
614 1340 690 1389 putet.

155 1380 214 1430 Haec
227 1382 302 1439 facit,
319 1400 364 1439 ut,
380 1387 463 1440 videat
473 1393 529 1442 cum
541 1410 613 1447 terras
626 1402 730 1470 undique
741 1410 831 1467 nullas,

188 1458 324 1525 Naufragus
334 1466 359 1512 in
372 1465 457 1516 mediis
468 1470 565 1522 brachia
579 1480 643 1541 jacet
653 1487 729 1547 aquis.

153 1537 220 1601 Saepe
231 1538 336 1605 aliquem
352 1542 434 1593 sollers
444 1545 595 1602 medicorum
603 1572 659 1606 cura
669 1560 767 1629 reliquit
777 1584 786 1626 3

187 1614 239 1663 Nec
251 1618 301 1681 spes
311 1620 366 1668 huic
378 1656 386 1679 ,
404 1624 466 1673 veni
480 1623 623 1692 deficiente,
635 1636 708 1688 cadit.

152 1689 256 1741 Catcere
273 1692 386 1747 dicuntur
403 1700 476 1751 clausi
493 1706 583 1771 sperare
594 1712 713 1767 salutem:

185 1770 263 1835 Atque
273 1768 358 1839 aliquis
367 1778 472 1841 pendent
483 1785 508 1831 in
523 1802 592 1836 cruce
601 1806 658 1843 vota
668 1796 734 1847 facit.

150 1844 210 1895 Haec
227 1849 279 1898 Dea
289 1852 363 1917 quim
376 1857 466 1907 multos
478 1860 565 1927 laqueo
575 1868 616 1916 suu
627 1871 690 1923 colla
700 1877 800 1943 ligantes

183 1924 241 1974 Non
255 1928 288 1976 est
297 1934 420 1994 propositi
432 1934 496 1998 paffa
506 1944 583 2002 petire
597 1948 667 1997 nece!

148 2000 192 2050 Me
202 2020 299 2069 quoque
306 2022 434 2057 conantem
445 2012 527 2075 gladio
535 2016 604 2067 finire
614 2021 725 2076 dolorem

184 2081 282 2137 Arcuit,
301 2086 387 2148 injeai
404 2092 572 2159 continuitque
594 2115 676 2151 manu.
899 2154 901 2157 ,

149 2155 263 2223 Quidque
271 2159 328 2210 facis
335 2165 344 2210 i
352 2162 464 2227 lacrymis
471 2186 531 2234 opus
539 2172 572 2221 est
580 2192 644 2234 ,non
654 2181 781 2249 sanguine,
791 2190 861 2242 dixit:

181 2238 247 2301 Saepe
257 2255 299 2303 pet
308 2241 350 2289 hat
361 2240 424 2291 fletu
441 2244 555 2313 Principis
571 2255 607 2302 ita
619 2256 688 2307 solet.

147 2314 263 2375 Quamvis
277 2318 309 2366 est
319 2320 391 2383 igitur
402 2327 494 2373 meritis
505 2326 612 2381 indebita
622 2336 722 2401 nostris,
756 2327 760 2336 ¹

179 2394 269 2458 Magna
280 2410 360 2446 tamen
372 2401 422 2464 spes
435 2402 468 2450 est
482 2406 509 2481 iq
526 2408 634 2461 bonitate
648 2412 705 2464 Dei.

144 2472 194 2533 Qui
204 2490 234 2522 ne
250 2472 354 2525 difficilis
368 2481 430 2527 mihi
440 2484 491 2541 sit,
511 2485 637 2550 Graecine‚
651 2509 761 2556 precare:

178 2548 273 2598 Confer
283 2555 308 2599 ὃ(
318 2555 343 2600 ἰη
354 2552 476 2607 votum'tu
484 2577 580 2629 quoque
589 2569 659 2619 verba
669 2568 760 2626 meum.

144 2627 221 2692 inque
239 2628 369 2679 Tomitana
377 2631 468 2697 jaceam
480 2642 610 2692 tumulatus
621 2650 691 2699 areni
698 2686 707 2711 ,

178 2707 202 2753 si
219 2719 242 2753 te
252 2721 301 2753 non
316 2710 384 2757 nobit
394 2710 437 2759 ista
449 2729 537 2765 vovere
547 2719 631 2786 liquet.

144 2782 209 2833 Nam
221 2781 285 2848 prius
295 2786 410 2850 incipiant
418 2802 492 2840 turres
502 2797 577 2846 vitare
588 2800 723 2867 columbe,

177 2863 252 2911 Antra
266 2860 340 2921 fere,
356 2864 458 2926 pecudes
471 2876 597 2934 gramina,
613 2894 707 2947 mergus
718 2904 808 2954 aquns3

144 2937 226 2999 Quim
245 2934 307 2985 mali
319 2940 341 2986 se
351 2943 442 3004 prestet
453 2953 527 2998 veteri
538 2952 659 3006 Graecinus
671 2968 760 3018 amico.

175 3014 233 3064 Non
249 3018 284 3064 ita
294 3018 348 3066 sunt
362 3019 417 3069 fatis
429 3028 511 3076 omnia
524 3032 589 3081 versa
599 3040 667 3085 meis.

689 3196 748 3267 Νη
