2325 3959
255 397 553 465 merorum
579 389 684 457 er.
713 389 778 459 VI.
818 408 880 479 145

206 515 282 579 Quod
293 516 360 566 Deus
370 514 481 564 Euboico
490 513 596 561 carmine
607 528 692 563 munus
700 512 781 561 babet.
888 526 934 560 aro

172 594 281 645 Muneris
295 596 329 645 eli
344 609 456 659 tempus,
475 595 517 658 qui
528 590 612 640 Nonas
620 590 716 640 Lucifer
726 605 780 639 ante
795 590 837 639 eli.

205 674 230 723 Si
242 673 325 723 titulos
330 674 426 739 qurrris:
436 670 502 731 Sylla
512 670 698 734 probavitopua.

83 788 92 803 r
169 750 382 811 QUAEuEuAM,
398 748 482 799 Nonas
491 749 568 796 Sanco
577 743 810 807 Fidionereferrem,

203 829 242 877 An
253 829 314 883 tibi,
327 830 397 877 Semo
407 840 487 891 pater:
499 823 554 874 culm
565 826 626 874 mihi
633 826 721 873 Sancus
729 826 772 874 ait.

167 905 325 973 Cuicumque
336 903 421 954 exillir
433 901 542 962 dederis,
555 918 602 967 ego
614 917 700 951 munus
711 901 813 951 habebo.
890 921 931 969 ²¹5

202 982 310 1032 Nomina
320 986 382 1032 trina
394 982 446 1031 fero
457 1000 464 1028 ι
475 983 508 1030 sic
520 980 618 1030 voluere
629 978 715 1031 Cures.

168 1058 241 1110 Hunc
252 1064 327 1125 igitur
336 1074 426 1109 veteres
438 1057 558 1107 donarunt
568 1056 618 1107 ade
627 1059 723 1118 Sabini,

201 1137 278 1203 Inque
286 1137 405 1197 Quirinali
415 1135 556 1186 constituere
562 1140 634 1201 jugo.

170 1214 231 1264 EST
241 1218 315 1274 mihi,
330 1217 408 1281 sitque
418 1249 426 1271 ,
438 1229 539 1279 precor,
556 1212 641 1262 nostrie
652 1210 789 1265 diuturnior
799 1216 866 1265 annis
877 1250 886 1271 ,

149 1288 152 1292 ’
206 1291 266 1340 Filia
274 1310 280 1339 e
288 1292 335 1357 qui
343 1291 400 1341 felix
407 1292 496 1355 sospite
508 1291 600 1355 semper
607 1307 658 1343 ero.
887 1312 933 1347 κιο

173 1368 242 1420 Hanc
251 1385 296 1434 ego
308 1370 363 1419 culm
372 1369 462 1421 vellem
474 1384 562 1433 genero
573 1366 648 1428 dare,
666 1384 774 1436 tempora
785 1370 853 1422 radis

208 1448 269 1511 Apta
286 1449 434 1512 requirebam
446 1482 454 1506 ‚
465 1462 564 1513 queque
574 1445 682 1497 cavenda
692 1447 781 1498 forent.
951 1434 955 1443 ³

173 1523 240 1575 Tum
251 1528 311 1573 mibi
321 1524 373 1589 post
383 1526 455 1574 sacras
467 1524 612 1574 monstratur
619 1525 630 1573 J
633 1527 701 1574 unius
711 1522 766 1577 Idus

196 1602 281 1652 -Utilis
297 1606 322 1651 δι
333 1607 413 1667 nuptis
424 1638 433 1664 ,
444 1603 509 1652 utilis
519 1601 566 1652 elle
575 1604 642 1653 viris.

173 1682 301 1748 Primaque
316 1697 368 1746 pars
379 1683 449 1746 hujus
460 1683 571 1751 thalamis
581 1682 659 1733 aliena
669 1698 761 1749 reperta
769 1684 812 1734 est.
854 1706 856 1711 ’
889 1719 932 1767 225

207 1758 270 1808 Nam
285 1762 346 1808 mibi
363 1762 398 1808 sic
407 1763 495 1824 conjux
504 1761 583 1810 sarriia
591 1759 668 1811 Dialis
679 1765 722 1811 ait.

172 1835 258 1885 Donec
268 1837 298 1885 ab
310 1837 381 1886 iliaca
389 1836 495 1900 placidus
506 1842 647 1903 purgamina
655 1840 726 1890 vesta

204 1914 326 1964 Detulerit
336 1914 403 1965 flavis
412 1917 438 1964 iu
448 1932 514 1965 mare
524 1917 604 1967 Tibris
612 1922 678 1985 aquis
690 1937 699 1979 5

171 1992 228 2044 Non
239 1995 299 2042 mihi
307 1991 419 2043 detonsos
428 1997 504 2043 crines
512 1992 633 2060 depriiere
644 1998 723 2053 buxo,
826 2029 829 2035 ·

103 2126 108 2129 ,
204 2070 263 2120 Non
273 2087 363 2135 ungues
374 2070 437 2119 ferro
444 2069 582 2122 subsecuiffe
592 2074 663 2125 licet:

171 2150 230 2200 Non
242 2146 345 2214 tetigilse
355 2152 434 2199 virum
444 2153 569 2216 3quamvir
580 2152 646 2203 Jovir
654 2152 696 2203 ille
705 2154 813 2207 sacerdos
825 2190 835 2219 ,

205 2227 320 2288 Quamvis
329 2227 442 2294 perpetui
454 2230 485 2277 rit
495 2230 555 2277 mibi
562 2228 613 2295 lege
622 2228 701 2281 datus.

171 2306 211 2355 Tu
222 2322 318 2371 quoque
331 2322 362 2355 ne
374 2321 488 2371 propera:
497 2305 583 2355 melius
595 2323 634 2357 rua
645 2308 696 2360 filia
705 2313 796 2370 nubet,
896 2328 906 2369 ,·

202 2382 339 2449 ignearum
351 2383 409 2449 puri
421 2384 584 2434 Vestanieebit
593 2387 677 2437 humo.

170 2460 291 2512 'rrum
301 2462 353 2527 post
361 2461 443 2511 Nonas
452 2477 576 2514 removere
587 2464 698 2527 Lycaona
706 2466 797 2518 Phoebe

201 2540 301 2598 fertum
312 2543 338 2589 δι
348 2556 363 2589 a
372 2554 494 2604 tergouon
501 2540 573 2591 babet
580 2542 640 2593 Ursa
647 2560 748 2595 merum.

171 2619 240 2668 Tunc
256 2634 302 2682 ego
314 2634 353 2666 me
361 2620 462 2667 memini
472 2618 586 2669 Ludesin
596 2623 703 2685 gramine
714 2621 804 2691 Campi

200 2697 324 2761 Aspicere:
333 2698 358 2743 br
369 2693 459 2754 didici,
470 2696 560 2745 lubrice
569 2698 639 2747 Tibri
650 2732 658 2757 ‚
670 2714 733 2751 tuor.

168 2773 234 2823 Festa
248 2770 298 2822 dies
308 2772 375 2831 illie,
388 2775 429 2839 qui
440 2772 489 2823 lina
499 2772 622 2824 madentia
631 2774 737 2840 ducunt,

200 2850 295 2917 Quique
307 2864 391 2916 regunt
397 2853 475 2916 parrie
484 2868 531 2901 aera
539 2870 637 2903 recurva
647 2856 714 2908 cibis.
742 2868 744 2872 ·
882 2888 929 2947 24⁰

166 2928 257 2980 Muris
267 2945 363 2994 quoque
373 2944 463 2979 numen
473 2931 553 2980 habet.
566 2932 646 2983 Menti
657 2932 755 2989 delubra
769 2939 878 2993 vitiemur
902 2948 907 2955 '

198 3006 264 3056 Vota
274 3021 340 3056 metu
348 3006 406 3056 belli
415 3041 425 3064 ,
438 3006 528 3073 perfide
538 3009 630 3071 Pane,
644 3015 689 3063 tui.
749 3044 753 3053 .

166 3085 240 3133 Perre
251 3118 260 3142 ,
271 3084 414 3137 rebellam:
426 3090 452 3138 br
462 3085 513 3138 leto
523 3085 637 3141 Consulis
646 3108 730 3145 omnes

202 3162 270 3212 Tam.
285 3164 336 3215 III.
756 3175 780 3228 G

884 2482 928 2551 235
987 2572 988 2575 Ἴ

887 2117 933 2165 ²30
1002 2138 1006 2144 .
