2325 3959
302 437 366 523 '378
444 434 487 501 P.
517 438 673 505 Ovrnrr
694 442 892 508 Naroma

331 554 412 615 Quint
423 554 510 607 domus
521 559 625 623 Augusto
635 562 861 619 continuataF0103

299 633 379 694 Quum
389 651 442 696 tua,
455 652 493 685 rus
503 637 579 685 oculis
590 636 701 701 domini,
713 639 863 705 Campania,
876 653 1001 704 gratum,

330 718 436 783 Quaeque
450 717 530 766 relide
541 718 600 777 tibi,
612 720 695 778 Sexte,
709 720 748 769 vel
758 734 824 768 emta
834 733 902 767 tenes
916 735 925 765 t

298 798 361 846 Tam
372 811 425 846 tuus
436 813 465 845 ert
476 812 520 859 ego
531 797 583 845 sum
594 814 602 847 t
614 802 680 861 cnjus
691 813 714 846 te
724 814 822 846 munere
831 798 892 846 tristi

251 908 281 941 η
329 875 387 925 Non
397 876 498 939 poterin
510 875 587 923 Ponto
596 873 674 923 dicere
684 878 770 925 habere
780 875 850 924 nihil.

298 952 376 1017 Atque
388 954 478 1000 utinam
490 949 574 1015 possis!
590 955 614 1000 &
624 950 694 1001 detur
702 956 802 1001 amicius
812 952 916 1004 arvumi

329 1030 437 1095 Rernque
448 1043 514 1077 tuam
526 1045 599 1093 ponas
608 1032 633 1077 in
641 1030 742 1079 meliore
753 1030 823 1079 loco!

297 1106 371 1169 Quod
380 1110 494 1173 quoniam
505 1109 531 1155 in
541 1106 586 1155 Dis
596 1108 642 1166 eii,
654 1118 720 1157 tenta
730 1108 803 1157 lenire
815 1105 941 1172 precando

328 1186 454 1245 Numina,
473 1184 586 1249 perpetui
603 1201 657 1251 que
673 1186 849 1251 pietate·colit.

251 1263 277 1310 ²5
298 1264 389 1314 Errorir
399 1276 455 1312 nam
465 1278 507 1321 tu,
518 1266 557 1311 vix
569 1263 601 1310 est
612 1262 753 1323 decernere,
765 1263 837 1313 nostri
914 1303 916 1306 .

330 1346 365 1393 Sis
375 1357 542 1409 argumentum
552 1348 628 1408 majus
637 1378 645 1397 ‚
657 1359 687 1390 an
699 1342 823 1391 auxilium.

297 1420 350 1471 Nec
362 1419 472 1471 dubitans
482 1434 525 1471 oro
537 1439 543 1470 z
555 1419 595 1470 sed
605 1420 705 1470 flumine
714 1423 775 1485 saepe
784 1419 889 1470 secundo

331 1500 436 1563 Augetur
448 1501 519 1547 remis
527 1501 606 1547 cursus
615 1502 692 1547 euntis
704 1515 779 1564 aque.

300 1576 329 1626 Et
340 1574 429 1640 pudet,
441 1582 465 1625 &
477 1592 574 1635 metuo,
586 1577 724 1641 semperque
737 1575 868 1641 eademque
879 1580 976 1641 precari
981 1595 991 1637 3

333 1654 370 1702 Ne
381 1656 479 1725 subeant
489 1658 570 1703 animo
580 1653 650 1703 taedia
660 1655 719 1719 justa
729 1668 782 1702 tuo.

299 1732 388 1780 Vertint
399 1730 458 1797 quid
471 1731 556 1799 faciant
567 1734 576 1780 i
588 1748 623 1780 ret
633 1730 793 1780 immoderata
802 1729 892 1796 cupido
903 1731 948 1785 est.

332 1810 370 1858 Da
380 1813 475 1859 veniam
486 1811 565 1867 vitio,
577 1811 643 1857 mitia
654 1813 748 1867 amice,
759 1826 824 1857 nteo.
910 1833 916 1841 =

209 1928 213 1935 .
299 1890 404 1939 Scribere
416 1889 475 1953 saepe
486 1884 552 1935 alind
564 1890 661 1951 cupient
672 1884 770 1935 delabor
781 1884 885 1936 eudem:

330 1969 382 2033 Ipsa
394 1967 475 2015 locum
487 1965 561 2030 perse
573 1964 652 2013 littera
662 1964 741 2013 nostra
750 1980 827 2029 rogat.

254 2054 279 2099 Η
301 2052 345 2098 Seu
358 2061 438 2096 tamen
451 2040 546 2093 effeiius
557 2043 667 2091 habitura
677 2041 709 2090 est
719 2045 794 2106 gratia
804 2077 812 2101 ,
824 2044 864 2091 seu
875 2058 918 2092 rne

332 2124 399 2173 Dura
409 2122 475 2187 jubet
485 2118 566 2187 gelido
578 2121 650 2168 Parca
661 2120 703 2167 sub
714 2136 757 2169 are
767 2124 830 2169 mori
842 2140 848 2168 ε

299 2204 395 2265 Semper
405 2197 508 2248 inobliti
521 2212 626 2262 repetam
638 2212 679 2246 tua
689 2213 788 2246 munera
797 2214 894 2254 mente,

332 2280 362 2329 Et
372 2294 425 2327 mea
435 2294 474 2326 me
486 2276 555 2325 tellus
566 2274 648 2325 audiet
658 2272 704 2324 effe
716 2290 794 2325 tunm·

299 2354 387 2407 Audiet
398 2359 423 2404 δι
434 2354 498 2403 coelo
509 2358 587 2418 posita
599 2353 631 2402 est
641 2370 797 2419 quacumque
807 2354 849 2401 sub
860 2351 925 2416 ilio,

251 2460 281 2505 40
331 2436 427 2484 Transit
437 2432 514 2481 nostra
526 2432 589 2481 feros
600 2435 620 2481 si
630 2430 706 2481 modd
717 2432 787 2483 Musa
797 2432 881 2481 Getas.

300 2514 383 2579 Teque
393 2526 451 2559 mear
462 2512 554 2559 causam
567 2510 758 2575 servatoremque
768 2509 868 2570 salutis,
931 2551 934 2554 .

331 2590 421 2658 Meque
434 2602 503 2639 tuum
512 2587 573 2639 libri
584 2591 686 2640 norit&
697 2605 742 2640 ere
752 2591 841 2639 minut.

252 1632 282 1678 30

574 2857 734 2972 Q&
