2325 3959
308 355 576 422 Turturum
606 350 688 416 Lrn.
722 350 780 416 II.
841 372 902 436 193

195 473 291 523 Scilicet
301 477 413 546 imperii,
424 473 550 536 Princeps,
561 471 661 520 statione
671 470 772 531 reliilai,

230 555 359 618 lmparibus
371 552 459 617 legeres
470 554 576 600 carmina
588 549 648 598 facia
658 548 755 599 modis?
913 560 959 595 220

196 629 253 679 Non
261 647 287 678 ea
299 646 322 678 te
336 629 412 678 moles
427 629 530 677 Romani
544 629 649 676 nominis
661 642 745 691 urget,

228 709 302 773 Inque
319 711 365 756 tuis
376 708 480 754 humeris
492 720 542 754 tarn
553 705 606 754 leve
615 704 688 753 fertur
698 721 775 763 onus;

197 784 298 836 lusibus
307 799 334 833 ut
344 783 419 849 poesis
430 781 552 834 advertere
563 798 653 832 numen
664 784 765 846 ineptis,

149 909 151 916 ,
229 862 386 927 Excutiasque
394 861 470 910 oculis
481 863 532 910 otia
539 860 619 910 nostra
630 863 684 908 tuis.

162 927 186 964 Ψ
199 938 269 990 Nunc
279 941 322 989 tibi
330 941 451 989 Pannonia
462 940 510 1000 eli,
522 955 585 988 nunc
597 937 677 1002 illyris
687 955 731 988 ora
737 937 860 991 domanda
871 959 878 989 ε
916 944 958 987 2²5

230 1019 337 1068 Rhaetica
348 1034 411 1066 nunc
420 1017 541 1082 prabent,
553 1019 703 1083 Thraciaque
715 1033 794 1077 arma,
804 1034 914 1076 metum3

197 1095 268 1146 Nunc
278 1099 339 1162 perit
349 1095 474 1144 Armenius
485 1111 568 1160 pacem
577 1115 583 1144 ε
591 1111 655 1144 nunc
663 1098 765 1161 porrigit
776 1113 842 1146 arcus
909 1132 912 1136 ι

229 1178 329 1227 Parthus
340 1193 428 1243 eques,
441 1173 527 1224 timida
538 1190 655 1239 captaque
665 1177 732 1240 tigna
741 1192 823 1226 manu.

197 1253 269 1304 Nunc
281 1271 304 1304 te
315 1255 383 1320 prole
396 1253 437 1302 tui
447 1257 558 1316 juvenem
569 1253 699 1301 Germania
706 1254 794 1312 sentit,

230 1330 344 1396 Bellaque
352 1347 395 1395 pro
406 1346 495 1394 magno
503 1327 599 1379 Caesare
605 1329 685 1380 Caesar
695 1331 757 1380 obit.
919 1350 966 1393 :tn

198 1408 325 1474 Denique,
338 1411 397 1456 utin
407 1421 492 1464 tanto,
502 1420 619 1471 quantum
630 1423 680 1456 non
691 1407 778 1458 exstitit
785 1424 917 1476 umquam,

187 1539 193 1546 ,
233 1483 359 1550 Corpore,
370 1499 422 1549 pars
434 1481 504 1532 nulla
512 1483 544 1532 est
556 1498 609 1548 quae
621 1483 685 1532 labet
694 1487 806 1549 imperim

200 1562 263 1612 Urbs
273 1579 370 1630 quoque
381 1565 435 1610 te&
447 1560 528 1626 legum
540 1558 608 1610 laisat
619 1561 692 1610 tutela
706 1576 799 1612 tuarum
810 1600 818 1619 ,

233 1640 266 1689 Et
280 1655 395 1699 morum,
412 1639 501 1688 similes
512 1656 572 1704 quos
583 1642 649 1704 cupis
659 1637 706 1688 else
718 1643 772 1690 tuis.
793 1632 798 1659 ¹*

200 1718 252 1770 Nec
264 1719 307 1768 eibi
320 1707 480 1782 contingunt,
493 1733 545 1784 quae
557 1719 666 1782 gentibus
677 1721 728 1768 otia
737 1722 844 1786 praestan
921 1740 964 1786 235

233 1797 346 1864 Bellaque
357 1813 412 1846 cum
424 1794 506 1845 multis
519 1797 647 1861 irrequieta
657 1801 728 1862 geris.

199 1875 275 1926 Mirer
286 1877 311 1923 in
321 1876 369 1922 hoc
378 1876 451 1938 igitur
462 1887 580 1922 tantarum
592 1873 697 1939 pondere
709 1893 788 1927 retum

234 1953 376 2020 Numquam
390 1966 414 2000 te
428 1951 520 2000 nostros
531 1949 646 2000 evoluille
656 1957 738 2019 j0cos?

203 2031 236 2082 At
244 2034 277 2090 si,
290 2027 358 2096 quod
368 2027 466 2080 mallent
479 2062 487 2088 ,
499 2045 586 2078 vacuus
597 2029 693 2079 fortaffc
703 2031 802 2097 fuiffes,

236 2108 339 2160 Nullum
352 2104 444 2174 legilles
452 2108 542 2155 crimen
552 2109 578 2154 in
589 2108 716 2158 Artemei.
921 2134 967 2179 24³

204 2187 250 2236 Illa
260 2184 357 2254 quirlem
370 2185 447 2234 fateor
459 2183 547 2232 frontis
557 2200 607 2233 non
617 2181 664 2234 effe
674 2189 760 2238 severae

237 2267 345 2330 Scripta,
357 2280 401 2313 nec
412 2280 426 2312 a
437 2276 504 2336 tanto
517 2263 625 2328 Principe
640 2263 713 2330 digna
724 2266 788 2333 legi,

203 2345 263 2397 Non
273 2359 353 2394 tamen
364 2341 455 2392 idcirco
468 2340 548 2406 legum
560 2346 679 2391 contraria
688 2348 756 2408 jussis

236 2426 296 2472 Sunt
306 2439 349 2481 ea,
361 2422 481 2470 Romanas
493 2417 652 2487 erudiuntque
663 2439 745 2471 nurus.

204 2503 286 2558 Neve,
298 2503 384 2569 quibus
397 2501 516 2559 scribam,
527 2504 603 2566 postis
618 2500 743 2569 dubitare,
758 2504 853 2557 libellus
920 2523 964 2571 245

238 2581 358 2641 Quattuor
368 2580 413 2626 hot
422 2579 522 2632 uersuse
532 2578 606 2626 tribus
617 2583 765 2631 unu'shabet.

203 2658 257 2709 Este
265 2655 348 2722 procul
358 2689 366 2714 ‚
378 2657 444 2704 vitre
454 2670 553 2713 tenues,
564 2658 657 2720 insigne
667 2657 778 2721 puelorit3

239 2734 346 2797 Quaque
358 2735 416 2796 tegis
426 2730 519 2782 medios
529 2733 609 2782 instita
618 2733 692 2800 longa
701 2736 781 2800 pedet.

205 2811 248 2862 Nil
259 2845 267 2869 ‚
280 2812 325 2858 nisi
334 2808 486 2873 legitimum,
501 2807 657 2875 conceffaque
666 2811 746 2873 furta,
758 2833 885 2872 canemus:

238 2889 313 2953 lnqrre
325 2903 380 2936 meo
391 2887 485 2936 nullum
495 2891 601 2937 carmine
611 2890 701 2940 crimen
709 2895 763 2943 erit.
920 2915 968 2962 ²50

204 2961 299 3031 Ecquid
309 2965 339 3013 ab
350 2966 393 3014 hac
403 2981 486 3014 omnes
495 2963 570 3028 rigidi
582 2966 746 3019 submovimus
758 2974 829 3036 Arte,

238 3043 302 3104 Quas
313 3041 373 3091 stola
382 3045 490 3107 contingi
499 3045 606 3108 vittaque
614 3047 692 3098 sumta
700 3058 782 3104 vetat?

244 3123 377 3182 Tom.111‚
798 3133 810 3184 1
883 3106 885 3111 ¹
