2325 3959
224 386 518 455 Frrrorurr
540 382 738 451 Liuiis.
793 388 838 468 67

131 504 238 573 Denique
247 509 344 573 quintus
356 506 384 555 ab
398 507 445 555 hoc
456 504 534 555 fuerat
544 504 675 565 Quintilis:
685 507 710 553 δι
720 500 776 555 inde

164 584 267 649 Incipit,
287 602 301 633 a
312 601 414 633 numero
428 587 527 633 nomina
536 586 643 649 quisquis
651 584 731 632 habet.

132 660 238 722 Primus,
258 661 375 711 oliviferis
385 663 488 711 Romam
499 660 614 711 dedusius
623 661 653 709 ab
664 664 742 723 arvis,

164 740 294 803 Pompilius
310 741 401 788 menses
422 740 492 787 sensit
509 736 585 787 abesse
600 738 670 788 duos.

134 817 185 865 Sive
197 820 243 867 hoc
256 819 362 867 aSemio
375 814 472 875 clodius,
491 819 532 883 qui
542 814 608 882 posse
623 817 713 866 renasci

166 896 212 944 sos
229 909 316 960 purat3
334 895 417 962 Egerii
433 899 482 945 eive
496 910 610 945 monente
629 892 680 943 sud.

132 971 178 1023 Sed
193 990 271 1023 tamen
285 975 394 1024 errabant
405 976 536 1023 etiamnum
548 988 671 1039 tempora,
683 968 761 1021 donec
844 978 855 1011 ¹
860 979 887 1025 tt

164 1050 260 1101 Caesatis
279 1054 305 1103 io
316 1051 400 1101 multis
415 1054 464 1102 haec
479 1068 577 1119 quoque
588 1067 644 1100 cura
655 1048 710 1099 fuit.

135 1129 191 1181 Non
207 1132 256 1179 hec
267 1130 309 1179 ille
321 1130 404 1191 Deus,
421 1145 540 1196 tantaeque
559 1129 697 1195 propeginit
710 1128 810 1189 audior,

163 1206 273 1258 Credidit
292 1206 378 1259 officiis
399 1204 445 1259 esse
461 1212 556 1257 minora
572 1209 639 1265 suts3

130 1284 321 1356 Promiffumque
338 1288 383 1337 eibi
396 1287 476 1337 voluit
486 1288 631 1351 prenoscere
642 1284 731 1333 coelum
738 1300 748 1343 5

163 1364 215 1416 Nec
229 1366 294 1415 Deus
312 1368 406 1430 ignotas
421 1364 505 1428 hospes
522 1367 583 1412 inire
592 1361 689 1411 domos.

130 1442 176 1493 llle
190 1458 269 1490 moras
290 1441 351 1491 Solis
364 1476 372 1501 ,
384 1442 469 1508 quibus
484 1443 510 1491 in
528 1442 568 1488 sua
579 1444 646 1505 signa
656 1435 763 1493 rediret.

164 1518 277 1569 Traditur
290 1522 374 1569 orestis
385 1514 523 1584 disposuisse
535 1520 610 1568 notis.

127 1598 154 1651 It
163 1597 241 1649 deciee
251 1599 318 1649 senos
330 1613 463 1649 tercentum
474 1601 498 1647 &
510 1599 616 1665 quinque
627 1592 711 1645 diebus

161 1678 260 1736 iunxit,
281 1680 306 1725 δι
325 1694 338 1726 e
352 1675 425 1741 pleno
445 1691 552 1741 tempore
567 1688 652 1741 quarte
665 1671 715 1722 die.

126 1754 175 1807 Hic
190 1755 246 1803 anni
258 1751 345 1803 modus
357 1752 389 1802 est
402 1771 408 1801 r
419 1754 444 1802 in
459 1751 557 1801 lustrum
568 1747 680 1801 accedere
688 1746 778 1810 debet,
846 1748 888 1801 ¹65

161 1831 220 1893 Quae
236 1834 388 1881 consumatur
402 1830 524 1897 partibus,
541 1846 589 1881 une
600 1828 660 1880 diet.

125 1912 161 1963 st
179 1912 237 1960 licet
250 1908 359 1959 occultos
369 1912 475 1959 monitui
487 1906 567 1957 audire
576 1908 685 1962 Deorum

162 1990 278 2047 Vatibus,
296 2002 324 2037 ut
334 1985 395 2035 certi
410 1986 475 2035 sarna
485 1985 555 2034 licere
567 2000 653 2049 putat3

126 2063 195 2120 Cum
213 2068 243 2115 sis
257 2060 363 2119 officiis,
378 2060 501 2120 Gradive,
516 2062 626 2110 virilibus
643 2075 731 2128 aptus,

162 2144 210 2196 Dic
227 2145 306 2200 mihi,
323 2155 439 2194 mat-rome
454 2156 495 2187 cur
510 2154 550 2188 tua
562 2138 621 2188 festa
636 2137 728 2186 colant.
846 2142 894 2194 tyn

126 2224 167 2274 sic
184 2238 229 2287 ego
239 2240 245 2270 t
256 2225 290 2269 sic
301 2219 380 2285 positd
394 2217 456 2271 dixit
467 2219 527 2267 mihi
540 2214 636 2281 cuspide
647 2215 763 2272 Mavortt

157 2298 207 2350 Sed
226 2314 306 2349 tamen
322 2301 347 2347 in
360 2296 443 2347 dextra
453 2295 549 2345 missilis
560 2295 625 2343 haste
641 2293 697 2343 fuit.

123 2378 199 2432 Nunc
210 2375 315 2443 primum
326 2374 408 2425 studiis
423 2378 487 2441 pacis
499 2410 507 2435 ,
524 2374 590 2423 Deus
606 2370 671 2422 utilis
682 2370 753 2420 armie
760 2404 770 2431 ,

159 2454 285 2507 Advocor:
294 2458 319 2503 δι
327 2450 416 2519 gressus
425 2456 451 2502 in
463 2470 527 2504 nora
540 2452 614 2504 castra
622 2452 685 2501 fero.

123 2536 179 2589 Nec
189 2539 255 2601 piget
262 2536 365 2599 incepti:
375 2537 442 2598 juvat
452 2534 496 2581 hac
504 2547 602 2598 qunque
613 2545 679 2595 parte
688 2532 792 2590 morari,
844 2548 888 2595 ¹75

159 2615 215 2663 Hoc
227 2613 303 2662 solam
315 2628 344 2664 ne
355 2613 378 2659 se
390 2606 455 2675 poss'e
464 2610 575 2659 Minerva
583 2624 659 2673 putet.

111 2691 201 2749 ,Disce
213 2724 221 2749 ,
238 2691 378 2739 Latinorum
389 2704 454 2739 vates
465 2688 564 2749 operose
575 2685 669 2734 dierum
680 2721 689 2746 ,

162 2764 237 2827 Quod
255 2770 314 2830 peris
327 2784 333 2813 ι
346 2769 371 2821 dt
383 2768 483 2814 memori
494 2766 587 2829 pestere
602 2762 664 2818 dista
676 2778 743 2817 nota.

126 2846 205 2895 Parva
218 2842 278 2899 fuit,
296 2845 315 2893 si
330 2844 405 2906 prima
414 2842 472 2891 velie
484 2841 603 2892 elementa
613 2841 717 2902 referre,

156 2925 251 2972 Roma:
266 2917 307 2969 sed
318 2922 422 2983 inparve
432 2921 480 2984 spes
492 2935 572 2968 tamen
583 2909 652 2982 hujus
660 2934 718 2970 erat.
846 2915 894 2968 180

124 3004 224 3059 Moenia
234 3004 283 3064 iam
297 2998 409 3057 stabant,
421 2997 516 3063 populis
528 2998 624 3061 anguste
641 2998 744 3059 suturie3

161 3077 265 3137 Credita
280 3074 321 3134 sed
332 3077 406 3133 turre
424 3079 567 3131 cuicuinus
578 3076 658 3147 ample
673 3078 729 3132 stre.

842 572 890 627 r50

847 1353 894 1391 160
