2325 3959
313 406 588 474 Tarsutuu
615 398 714 466 Lrn.
742 396 810 465 IV.
851 417 919 480 249

241 524 298 574 Sum
308 528 394 582 miset,
407 528 432 573 δι
444 521 474 571 de
484 538 523 571 me
536 518 603 587 quod
614 518 711 569 doluere
720 519 780 568 nihil
789 520 796 568 l

211 599 234 647 Si
248 614 327 650 tamen
338 599 453 648 exstinslis
467 592 576 660 aliquid,
588 596 632 642 nisi
643 596 742 641 nomina
752 627 759 651 ,
771 592 856 645 restat,
941 578 970 637 35

243 678 275 725 Et
285 678 379 742 gracilis
389 676 485 724 sinodos
496 672 675 737 effugitumbra
685 686 756 735 rogos
767 688 774 729 3

211 755 300 813 Fama,
315 754 463 819 parentales,
476 754 495 801 si
506 768 548 807 vos
559 767 613 799 mea
623 752 741 813 contigit,
753 746 859 805 umbra,

245 832 276 881 Et
287 835 340 881 sunt
351 835 376 880 in
390 833 474 896 Stygio
482 832 583 878 crimina
593 826 671 877 nostra
682 826 754 882 sor03
774 863 778 868 .

213 912 293 969 Scite,
305 927 405 975 precor,
416 910 528 966 causam,
544 917 588 955 ne‘c
598 922 639 956 vos
651 906 710 954 milri
721 902 803 951 fallere
815 900 848 949 sas
860 900 890 947 eil
901 917 908 957 5

244 988 355 1037 Errotem
367 984 444 1052 jussae,
454 1003 505 1035 nort
513 984 588 1033 scelus
598 1019 605 1043 ‚
617 980 663 1031 esse
675 982 746 1047 fugae.
941 995 974 1041 90

211 1064 323 1115 Manibus
331 1064 356 1115 id
364 1068 418 1115 saris
427 1065 472 1113 est:
482 1063 579 1123 advos,
588 1060 706 1120 studiosa,
716 1074 836 1118 revertor,

242 1144 354 1198 Pectora,
368 1146 410 1209 qui
419 1146 475 1192 vitae
483 1145 587 1207 queritis
599 1144 648 1189 asia
659 1156 726 1189 meae.

210 1219 263 1268 lam
272 1223 332 1271 mihi
340 1223 451 1273 canities,
462 1218 535 1283 pulsis
543 1217 682 1265 melioribus
690 1218 772 1273 anuis,

244 1296 362 1354 Venerat,
372 1300 480 1360 antiquas
492 1297 665 1359 miscueratque
676 1300 774 1349 comas3

176 1362 178 1367 ¹
211 1372 313 1437 Postque
324 1390 390 1421 meos
404 1389 469 1421 ottus
480 1372 554 1420 Prsaea
563 1374 654 1421 vinsius
665 1370 731 1419 olivi

245 1449 378 1498 Abstulerat
388 1448 465 1499 decies
476 1452 573 1513 ptaeutia
582 1451 657 1498 visior
669 1464 738 1512 eques
750 1464 758 1504 3

211 1524 277 1577 cum
288 1531 359 1577 maris
368 1526 455 1575 Euxini
466 1529 557 1590 positos
565 1524 594 1575 ad
604 1526 662 1577 laeva
670 1526 780 1574 Tomitas

246 1605 357 1665 Quaerere
368 1622 406 1653 me
417 1604 466 1653 laesi
477 1605 592 1668 Principis
604 1607 638 1653 ira
647 1606 722 1669 jubet.

212 1682 291 1733 Causa
301 1700 359 1731 meae
371 1685 459 1732 curtilis
470 1682 575 1731 nimium
586 1699 682 1748 quoque
692 1670 850 1743 trotaruioae,

243 1758 337 1809 Iudicio
345 1778 394 1811 non
406 1762 439 1810 est
446 1759 591 1811 testificanda
599 1778 664 1811 tneo.
767 1804 773 1813 ,,
929 1778 976 1810 too

212 1836 278 1900 Quid
285 1839 386 1888 reseram
391 1844 554 1906 comitumque
560 1839 636 1898 nefas,
646 1839 926 1906 famulosqucnocentes?

244 1918 297 1981 lpszi
308 1918 384 1967 multa
395 1919 439 1967 tuli
453 1934 503 1967 non
514 1919 605 1967 leviora
616 1918 682 1982 fugi.

214 1994 338 2059 Indignata
349 1994 418 2043 malis
429 2012 495 2044 mens
506 1994 539 2043 est
550 1996 701 2043 succumbere
712 2012 720 2053 3
734 1996 804 2060 seque

246 2072 571 2122 Praesiititinvisiamviribus
582 2073 624 2120 usa
633 2074 691 2120 suis:

215 2150 357 2215 oblitusque
370 2166 446 2215 togae,
457 2148 579 2216 dubiaeque
589 2167 630 2216 per
640 2152 690 2199 otia
701 2152 773 2209 vite,
931 2165 975 2213 105

248 2227 348 2278 Insolitai
356 2232 408 2293 cepi
421 2232 606 2293 temporisarma
616 2244 698 2278 manu.

214 2306 311 2371 Totque
323 2306 367 2355 tuli
379 2305 441 2355 terrai
451 2309 515 2355 casus
526 2306 676 2371 pelagoque,
689 2321 750 2373 quot
760 2306 821 2355 iuter

248 2385 377 2434 Occultum
390 2384 460 2440 stella
472 2386 676 2449 conspicuumque
687 2384 780 2449 polum.

215 2463 288 2512 Tatta
298 2466 358 2512 mihi
368 2461 479 2520 tandem,
490 2464 568 2527 longis
579 2465 697 2512 erroribus
708 2464 759 2511 asto
771 2483 793 2521 ,·

210 2597 214 2603 Ι
247 2538 328 2589 lunera
338 2544 477 2605 pharetratis
489 2542 600 2589 Sarmatis
611 2558 653 2589 ora
664 2540 740 2590 Getis.

215 2617 263 2668 Hic
276 2635 338 2683 ego,
351 2617 460 2667 finitimis
468 2622 577 2683 quamvis
584 2619 744 2667 circumsoner
755 2616 825 2665 armis
837 2650 846 2677 ,
876 2646 879 2651 ,

248 2695 347 2751 Tristia,
357 2710 405 2759 quo
414 2691 509 2758 possum
519 2729 527 2753 ‚
538 2696 643 2743 carmine
655 2694 704 2743 fata
712 2694 775 2744 levo.

217 2770 306 2833 Quod,
318 2775 427 2837 quamvis
439 2789 510 2821 nemo
522 2772 568 2831 est,
581 2778 647 2838 cujus
658 2771 771 2821 referatur
781 2770 811 2821 ad
820 2787 904 2830 aures,

248 2851 286 2898 Sic
296 2835 381 2899 tamen
392 2850 491 2898 absumo
506 2849 648 2915 decipioque
660 2848 732 2899 diem.

216 2928 294 2993 Ergo,
306 2926 374 2994 quod
384 2930 458 2987 vivo,
471 2926 583 2994 durisque
595 2927 717 2977 laboribus
730 2928 812 2987 obsto,
934 2946 976 2995 ¹¹5

249 3007 300 3055 Nec
312 3023 351 3055 me
365 3006 464 3056 solicitae
477 3005 547 3056 taedia
558 3006 617 3055 lucis
628 3006 731 3065 habent,

217 3084 318 3145 Gratia,
333 3084 419 3147 Musa,
430 3086 474 3135 tibi
486 3100 557 3135 :nam
569 3099 595 3133 tu
604 3084 688 3135 solatia
695 3084 797 3150 prebes3

769 3162 788 3211 L
805 3178 820 3215 v
