2325 3959
279 412 322 475 88
405 408 449 477 P.
479 410 636 476 Ovum
661 412 856 481 NAsonrrs

276 529 368 594 Aspicit
375 530 436 586 hos,
451 546 478 581 ut
487 532 550 581 forte
559 530 704 597 pependerat
714 535 816 593 ethere,
830 546 931 592 maren

307 606 339 655 Et
350 607 406 657 ferit
416 610 519 659 attoniti
526 613 621 674 pedona
628 609 692 660 nuda
698 629 770 663 manu
783 631 792 671 ς

228 670 350 749 8⁶§inques
358 683 561 752 draconigenam,
575 691 663 738 nimbis
675 691 972 750 comitantibus,.urbem

310 758 398 809 Desilit
408 780 414 808 ι
423 765 449 811 δι
459 776 528 811 natos
537 765 608 826 eripit
618 761 673 811 inde
681 763 744 813 suos.

277 835 358 901 thue
371 837 453 903 fugam
462 843 556 905 rapiant
566 875 573 897 ,
585 844 643 889 aries
652 838 808 891 nitidissimus
817 856 878 891 auro

214 952 221 964 .
309 912 423 963 Traditur
434 935 440 963 :
452 916 493 965 ille
504 919 570 967 vehit
579 934 621 981 per
635 918 694 968 freta
705 918 778 984 longa
789 916 861 969 duur.

277 991 372 1041 Dicitur
385 992 483 1043 infirmi
492 1011 567 1044 cornu
578 994 677 1046 tenuisse
684 997 776 1047 sinistri

230 1058 277 1119 fl70
309 1071 424 1131 Femina,
436 1072 491 1121 ctirn
502 1070 532 1121 de
543 1074 566 1121 se
579 1078 679 1123 nomint
690 1074 748 1123 fecit
757 1091 833 1141 aquar.

275 1148 338 1198 Pene
353 1149 425 1198 simul
433 1153 504 1215 pedit
514 1184 522 1208 ‚
534 1150 594 1201 dum
603 1152 657 1203 vuit
667 1154 800 1215 succurrere
811 1152 882 1216 iapss

309 1228 406 1286 fratem
421 1231 445 1277 δι
461 1228 582 1278 erumnas
593 1233 694 1295 porrigit
705 1247 778 1297 usque
788 1244 882 1279 manua.

275 1304 375 1364 fiebat,
391 1320 419 1355 ut
435 1307 521 1356 amissi
537 1310 628 1371 gemini
641 1310 752 1358 consorte
767 1308 871 1373 pericli,

309 1381 421 1434 Caerulto
436 1387 541 1449 Jundiarn
553 1387 644 1435 nescius
655 1385 702 1435 effe
713 1387 777 1437 Deo.

229 1451 397 1515 &sutoribus
409 1465 489 1517 cauis,
499 1465 557 1512 aries
567 1462 595 1512 fit
605 1462 670 1513 sidus
682 1484 689 1513 ι
700 1481 725 1514 at
734 1468 805 1530 hujus

309 1540 419 1589 Pervenit
435 1543 460 1588 in
471 1539 577 1589 Colchas
591 1558 661 1603 autea
674 1542 729 1593 lana
739 1541 835 1591 domos.

277 1615 358 1667 TRES
371 1618 411 1666 ubi
420 1618 542 1668 Luciferos
554 1622 651 1669 veniens
660 1622 798 1685 pramiscr'at
809 1620 854 1669 Eos
864 1651 875 1679 ,

310 1692 431 1759 Tempora
442 1698 562 1744 nostutnis
573 1713 640 1762 aequa
651 1696 735 1747 diurna
748 1698 816 1749 feres.

277 1769 360 1819 INDE
373 1786 457 1836 quater
469 1773 545 1836 pastor
554 1776 645 1823 saturos
657 1778 697 1825 ubi
708 1776 818 1826 clauserit
829 1774 911 1827 hedos
924 1811 934 1838 ,
975 1810 981 1819 -

229 1844 278 1893 uso
310 1847 442 1899 Canuerinr
452 1853 529 1900 herbar
540 1868 593 1902 rore
603 1869 698 1903 recente
707 1867 808 1920 quater,

276 1927 348 1978 Jenus
366 1926 515 1984 adorandus,
532 1948 635 1997 cumque
646 1934 692 1981 hoc
704 1931 843 1985 Concordia
852 1934 917 1983 mitis
929 1966 940 1995 ,
978 1986 983 1993 ,

309 2005 341 2055 Er
361 2007 470 2057 Romana
485 2008 572 2068 Salus,
590 2027 676 2075 araque
691 2010 757 2061 Pacis
773 2014 825 2061 erit.

276 2082 367 2133 LUNA
379 2088 440 2150 regit
450 2088 540 2134 menses
550 2106 556 2134 r
565 2089 635 2151 hujus
646 2104 741 2155 quoque
751 2104 858 2154 tempora
869 2091 957 2139 mensis

308 2162 373 2212 finit
385 2163 504 2213 Aventino
514 2165 580 2213 Luna
591 2158 692 2215 colenda
702 2170 769 2232 jugo.

278 2310 992 2379 mutuemu-

437 2447 816 2521 LIBERIV.

278 2553 394 2673 Aru
403 2638 418 2672 Α
427 2658 436 2683 ,
445 2623 498 2673 fave
508 2627 558 2675 vati
568 2618 582 2684 ,’
588 2629 739 2689 geminorum
751 2642 826 2677 mater
833 2626 962 2679 Amorum·

310 2700 349 2753 Ad
357 2717 436 2751 vatem
447 2703 526 2752 ruitur
536 2704 617 2753 retulit
627 2704 669 2755 ilia
681 2706 742 2754 suos.

279 2779 345 2841 Quid
363 2782 424 2840 cibi,
437 2785 470 2831 ait
482 2816 490 2840 ‚
506 2787 619 2832 mecum?
637 2780 703 2832 certd·
714 2787 804 2847 majora
815 2781 923 2833 canebas.

311 2859 378 2909 Num
393 2874 459 2909 vetus
469 2865 494 2909 in
504 2862 576 2911 molli
586 2863 678 2926 pedore
689 2862 775 2912 vulnus
786 2864 874 2913 habes?

250 2946 261 2994 5
281 2939 329 2987 Scis
341 2971 350 2996 ‚
368 2937 438 2999 Dea,
452 2933 578 3003 respondi,
591 2938 621 2988 de
631 2939 736 2989 vulnere.
752 2941 813 2989 Risit
823 2958 830 2989 ι
842 2943 866 2988 &
878 2941 951 2989 ather

312 3015 422 3065 Protinus
435 3034 463 3067 ex
473 3017 516 3066 illa
527 3034 593 3083 parte
604 3019 695 3065 screnus
707 3033 765 3067 erat.

280 3093 395 3157 Saucius,
408 3112 439 3147 an
455 3098 523 3147 sanus
531 3130 541 3157 ‚
555 3094 676 3163 numquid
689 3110 729 3147 tua
739 3098 807 3165 signa
816 3096 901 3163 reliqui
913 3102 924 3151 ἒ
973 3081 976 3089 ’

1081 2824 1088 2889 ι
