2325 3959
318 413 383 497 238
446 406 488 474 P.
520 406 676 472 Orrnrr
699 406 895 471 NAsours

316 528 368 577 Nec
380 544 462 586 nova,
480 525 546 593 quod
561 541 640 575 tetum
652 525 753 591 loquor,
774 525 806 573 est
815 528 904 590 iniuria
914 526 1028 587 nostra,

266 628 293 677 ²5
348 605 477 655 Incolumis
488 622 544 653 cum
555 621 604 670 quo
616 607 673 669 sepe
684 604 778 652 loeutus
788 620 861 653 eram.

313 682 369 743 Quo
382 700 476 732 vereare
491 683 587 743 mimis,
599 700 629 731 ne
640 686 685 731 sim
697 684 740 730 tibi
751 685 842 731 crimen
852 685 946 731 amitus
957 702 964 730 ι

344 760 461 811 Invidiam
471 796 479 820 ‚
489 764 508 809 si
518 777 565 827 qua
575 762 608 809 eii
618 796 626 821 ,
641 763 720 809 tutior
733 761 818 809 habere
830 761 915 825 potess.

313 837 377 886 Nam
389 854 441 887 tuus
459 840 491 887 est
501 842 584 903 primis
594 839 672 886 cuitus
683 839 742 886 mihi
751 840 841 901 semper
855 840 885 886 ab
896 843 969 887 annis
978 874 988 892 ,

344 917 398 966 Hoc
409 917 459 966 noli
471 915 535 966 cette
547 915 714 975 dissimulare,
732 930 816 980 petet:

263 1019 292 1062 ,Θ
307 988 480 1059 Ingeniumque
488 1012 567 1043 meum
576 1029 584 1053 ‚
594 1009 661 1059 potes
670 996 720 1041 huc
728 990 877 1052 meminiffe‚
889 995 1033 1058 probabat:

341 1070 396 1119 Plus
407 1074 497 1130 etiam,
514 1071 588 1137 quim
600 1106 607 1125 ,
621 1088 660 1119 me
676 1070 775 1137 judice,
795 1069 880 1136 dignus
896 1089 977 1121 eram.

308 1146 393 1213 Deque
404 1153 463 1197 meis
473 1149 518 1198 iilo
529 1150 645 1199 referebat
651 1151 756 1199 versibus
767 1164 823 1209 ote,

337 1227 364 1274 In
375 1244 423 1292 quo
431 1244 483 1292 pars
491 1228 545 1278 altae
556 1227 689 1276 nobilitatis
700 1240 758 1276 erat.

305 1302 362 1352 Non
372 1307 444 1368 igitur
456 1306 499 1354 tibi
509 1322 572 1353 nunc
583 1341 590 1363 ‚
603 1304 668 1372 quoti
679 1320 717 1353 me
728 1303 815 1353 domus
825 1303 866 1352 ista
878 1308 993 1369 recepit,

259 1402 284 1453 35
339 1379 384 1430 Sed
395 1382 458 1446 ptius
470 1384 558 1431 austeri
572 1385 626 1430 sunt
636 1380 692 1432 data
705 1384 776 1430 verba
792 1396 843 1430 tuo,

302 1457 354 1507 Nec
366 1457 420 1509 data
427 1463 491 1518 sunt,
497 1462 557 1508 mihi
567 1457 647 1519 crede,
655 1456 787 1509 tamenzsed
794 1462 820 1507 in
830 1458 944 1507 omnibus
953 1462 1024 1521 reiis,

334 1537 427 1586 Ultima
438 1541 457 1586 si
465 1536 545 1587 demas
558 1573 565 1597 ‚
577 1541 627 1587 vita
639 1536 726 1587 tuenda
736 1554 789 1585 mea
800 1536 841 1585 est.

300 1613 368 1662 Hanc
379 1631 489 1680 quoque„
505 1616 552 1681 qui
563 1617 621 1680 perii
634 1650 642 1674 ‚
657 1615 752 1681 culpem
763 1614 837 1667 scelus
848 1610 894 1663 effe
903 1616 1005 1679 negabis
1012 1650 1021 1675 ,

332 1692 356 1739 Si
368 1694 426 1739 tanti
436 1694 503 1741 series
513 1697 544 1742 sit
555 1695 598 1741 tibi
612 1708 669 1742 nota
679 1693 747 1744 maii.

250 1805 283 1844 ⁴0
299 1768 346 1817 Aut
357 1772 446 1827 timot,
458 1785 498 1818 aut
506 1786 571 1818 error
580 1773 650 1819 nobis
680 1770 743 1835 priris
754 1770 835 1820 obfuit
845 1784 919 1818 error.

331 1848 367 1893 Ah
380 1847 385 1894 i
406 1850 455 1895 sine
471 1864 511 1895 me
526 1846 568 1896 fati
579 1864 629 1897 non
640 1846 773 1899 meminiffe
784 1848 846 1897 mei!

297 1922 364 1971 Neve
373 1924 521 1974 temerando
532 1925 640 1975 nondum
651 1931 761 1976 co'e'untia
774 1942 884 1991 rumpam

328 2002 454 2062 Vulnera,
474 2007 514 2052 vit
524 2004 571 2053 iilis
587 2004 693 2070 proderit
705 2008 753 2071 ipsa
769 2008 844 2071 quies.

295 2078 360 2145 Ergo
372 2097 398 2129 ut
408 2086 460 2147 jure
474 2080 558 2131 damus
569 2100 665 2148 peenas,
678 2087 711 2132 sic
725 2082 802 2131 abfuit
814 2098 886 2131 omne

246 2184 275 2234 ⁴5
327 2160 428 2207 Peccato
439 2159 529 2210 facinus
540 2161 715 2227 consiliumque
728 2178 792 2211 tneo.

294 2233 369 2301 quue
380 2236 444 2286 Deus
454 2238 526 2286 sentit
536 2256 542 2286 τ
553 2239 656 2303 proquo
667 2255 709 2287 nec
723 2238 803 2286 lumen
816 2234 941 2286 adenrrnm
962 2238 1012 2301 est,

326 2313 376 2362 Nee
391 2316 449 2361 mihi
462 2313 574 2363 detraeias
590 2314 763 2379 possideretur
772 2330 837 2383 opes.

292 2391 401 2439 Forsitan
411 2394 470 2439 hanc
478 2394 552 2455 ipsum
564 2427 572 2450 ,
585 2395 649 2441 vivat
661 2392 751 2443 modo!
764 2394 830 2443 finiet
837 2394 897 2441 oiim
908 2430 915 2453 ,

325 2468 445 2532 Tempore
460 2468 516 2516 etim
527 2468 599 2517 fuerit
611 2470 688 2519 lenior
702 2475 750 2527 ira,
769 2472 859 2536 fugam.

243 2574 273 2621 5⁰
290 2544 361 2594 Nunc
372 2561 454 2609 pretor
462 2547 516 2594 hinc
528 2545 576 2594 aiio
587 2548 668 2611 jubeat
680 2547 814 2607 discedere3
832 2553 851 2598 si
863 2566 911 2598 non

322 2623 407 2672 Nostra
417 2622 552 2673 verecundo
567 2642 624 2675 vota
635 2625 726 2690 pudore
740 2643 829 2677 tarent.

288 2700 372 2751 Mitius
393 2702 506 2761 erilium,
528 2703 647 2769 pnnioque
668 2710 837 2771 propinquius,
855 2722 931 2769 opro3

320 2778 414 2845 Quique
425 2782 478 2829 sita
491 2783 551 2830 sevo
564 2781 657 2845 iungitis
670 2784 733 2831 hoste
744 2819 752 2843 ‚
763 2785 853 2833 locum.

287 2855 427 2923 Quantaque
445 2861 470 2905 in
487 2860 591 2923 Augusto
602 2860 744 2918 clementia,
757 2864 774 2909 si
785 2866 837 2927 quis
848 2864 876 2911 ab
887 2865 931 2913 iiio

240 2958 266 3002 55
318 2934 370 2983 Hoc
381 2951 471 2999 peteret
480 2952 522 3000 pro
536 2954 592 2995 me,
605 2937 702 2986 forsitan
714 2940 755 2988 ille
771 2938 846 2989 daret.

286 3010 380 3075 frigida
390 3031 429 3062 me
440 3015 554 3064 cohibent
567 3016 651 3063 Euxini
664 3016 733 3065 litora
745 3018 827 3067 Ponti:

316 3089 398 3140 Diiius
414 3092 445 3140 ab
454 3094 557 3158 antiquis
566 3094 658 3143 Axenus
668 3094 709 3144 ille
718 3094 773 3144 fuit.
