2325 3959
411 354 585 423 Jn-re.

161 472 200 523 Sic
210 472 265 524 vita
276 472 345 525 series
356 485 408 523 rota
418 478 448 523 sir
457 490 508 525 atra
519 489 574 525 ture.

128 549 187 601 llaec
198 554 243 601 tibi
253 552 341 607 natali,
356 552 410 601 faxo
421 588 429 613 ,
441 553 540 619 Ianique
553 551 680 615 Kalendis,

161 630 218 678 Non
229 633 360 679 mentituro
372 632 475 696 quilibet
485 646 527 679 ore
539 630 611 695 legat·

128 708 163 758 Di
174 713 246 758 maris
258 713 282 758 &
292 724 377 767 terrae,
390 712 479 775 quique
491 712 527 759 his
538 710 639 759 meliora
651 712 735 760 tenetis
850 694 879 751 ‘5

162 786 228 834 Inter
238 784 342 835 diversos
353 802 408 835 cum
420 787 478 839 Jove
489 804 561 851 regna
572 788 660 852 polos,

130 862 185 913 Huc
198 879 298 926 precor,
310 866 355 913 huc
367 864 452 913 vestras
463 882 546 913 ornnes
558 864 674 918 advertite
684 882 793 926 mentes,

165 940 197 989 Et
208 944 277 990 sinite
288 946 377 1005 optatis
388 941 481 1006 pondus
492 942 565 992 inelle
576 948 645 994 meis.

132 1006 232 1071 Ipsaque
243 1022 283 1065 tu,
296 1007 395 1067 Tellus,
408 1011 485 1073 ipsum
497 1025 552 1057 curn
563 1007 672 1061 fluilibus
684 1008 785 1075 AEquor.

166 1084 219 1149 lpse
231 1101 295 1135 meas
308 1085 328 1133 d
339 1088 390 1135 ther
401 1088 480 1151 accipe
491 1088 584 1136 summe
593 1104 690 1152 preces:
853 1100 884 1142 7⁰

134 1158 280 1227 Sideraque,
293 1166 316 1211 &
329 1162 400 1213 radiis
411 1162 558 1215 circumdata
570 1165 631 1215 Solis
642 1170 740 1233 imago3

166 1240 299 1305 Lunaque,
312 1257 364 1306 quae
374 1258 507 1307 numquam
517 1276 524 1303 ,
536 1260 585 1309 quo
595 1244 676 1308 pride,
688 1263 729 1294 ore
739 1249 812 1296 micas
821 1264 829 1303 3

132 1318 236 1383 Noxque
248 1319 398 1368 tenebrarum
410 1322 485 1383 specie
496 1320 624 1371 reverenda
636 1337 730 1371 tuarum
740 1341 748 1381 ς

166 1396 274 1461 Quaque
285 1411 362 1445 rarum
376 1397 464 1462 triplici
474 1397 562 1462 pollice
572 1401 634 1447 netis
646 1416 705 1463 opus
716 1416 723 1456 3

135 1474 233 1539 Quique
243 1491 285 1539 per
295 1466 399 1525 infernas
411 1473 533 1527 horrendo
543 1492 666 1526 murmure
674 1476 749 1528 valles
854 1485 883 1532 75

169 1554 334 1619 lmperjuratae
346 1553 430 1603 laberis
441 1557 518 1602 amnis
529 1572 612 1621 aquae,

135 1634 250 1697 Quasque
262 1630 342 1697 ferunt
353 1646 418 1681 torto
429 1635 520 1683 vittatis
531 1649 608 1699 angue
618 1633 710 1699 capillis

171 1709 281 1760 Carceris
292 1711 402 1759 obscuras
413 1725 467 1760 ante
479 1709 558 1761 sedere
571 1712 650 1769 fores3

136 1786 856 1855 Vosqnoq3,plebsSupenlm,Fauni,Satyrique,Laresque,

174 1867 349 1933 fluminaque,
362 1871 386 1915 δε
397 1870 524 1931 nymphae,
536 1866 720 1933 semideumque
731 1884 813 1931 genus.
858 1872 889 1917 8ο

102 1952 106 1957 ’
137 1947 251 2011 Denique
263 1946 292 1993 ab
304 1948 403 2009 antiquo
414 1944 473 1995 Divi
482 1961 619 2009 veteresque
629 1948 752 2010 novique,
831 2007 833 2009 v

174 2026 201 2073 ln
209 2022 317 2071 nostrum
327 2024 405 2071 cunuti
417 2036 508 2088 tempus
520 2020 609 2078 adeste,
620 2020 699 2071 Chao.

139 2102 258 2155 Carmina
269 2098 328 2151 duni
337 2103 409 2165 capiri
419 2098 533 2150 malefido
545 2098 597 2149 dira
606 2113 737 2168 canuntur,

163 2180 205 2228 xEc
216 2193 330 2243 peragunt
342 2193 418 2242 partes
430 2182 464 2227 ira
476 2176 593 2246 dolorque
603 2180 671 2237 suas,
726 2168 730 2182 ³

140 2259 246 2309 Annuite
256 2260 344 2321 optatis
356 2273 438 2307 omnes
449 2274 477 2309 ex
488 2254 572 2305 ordine
584 2256 685 2315 nostris,

175 2336 207 2384 Et
217 2352 268 2399 pars
279 2338 309 2385 sir
319 2339 372 2385 voti
382 2334 453 2389 nulla
460 2333 549 2385 caduca
560 2337 618 2385 mei.

144 2414 251 2479 Quaeque
263 2430 361 2479 precor,
376 2412 449 2463 fiant:
465 2429 491 2462 nt
503 2430 552 2463 non
562 2430 616 2462 mea
627 2409 702 2469 dieta,
712 2411 753 2463 sed
763 2412 806 2465 illa

179 2494 302 2557 Pasiphaes
314 2496 394 2557 generi
404 2492 476 2542 verba
487 2489 556 2539 fuisse
565 2507 642 2557 putet.

144 2566 258 2635 Quasque
269 2579 314 2635 ego
327 2572 441 2619 transiero
451 2582 548 2633 poenas,
563 2572 665 2633 patiatur
675 2572 701 2618 δε
711 2568 774 2619 illas.

179 2648 274 2698 Plenius
285 2651 382 2713 ingenio
393 2651 423 2696 sit
433 2648 504 2697 miser
514 2646 556 2696 ille
568 2664 633 2695 meo.
866 2663 898 2706 90

144 2728 213 2779 Neve
225 2726 303 2775 mincis
313 2726 408 2775 valeant
420 2724 502 2775 fillum
513 2725 656 2773 exsecrantia
667 2740 757 2773 nomen

182 2806 262 2859 Vota,
276 2805 353 2881 minsis
365 2821 465 2869 magnos
476 2817 675 2855 commoveantve
686 2801 761 2852 Deos.

146 2880 500 2947 lllumegodevoveo,quem
512 2879 803 2944 rnensintelligir,lbin;
852 2939 854 2944 ,
895 2906 899 2910 -

184 2959 232 3017 Qui
244 2960 266 3005 se
278 2960 321 3006 scit
332 2958 397 3007 fadis
406 2962 446 3007 has
458 2962 568 3011 meruisse
579 2974 669 3023 preces.
895 3020 897 3024 .

148 3035 225 3090 Nulla
235 3052 303 3088 mora
314 3034 346 3084 est
355 3036 380 3087 in
391 3053 430 3089 me
441 3055 447 3085 r
458 3052 569 3105 peragam
580 3052 631 3092 rata
641 3051 699 3088 vota
708 3034 826 3091 saculos.
864 3047 895 3097 ῦς
907 3068 910 3071 -
