2325 3959
296 414 590 485 fururoruu
613 414 714 483 [η.
740 416 814 486 JV.
868 442 909 504 91

228 530 263 584 Et
278 550 392 598 generum
406 535 522 591 OEniden‚
540 537 633 602 Appule
644 536 743 595 Daune,
763 551 841 587 tuum.

192 612 268 661 Serus
279 614 308 661 ab
320 614 408 673 Iliacis,
422 620 445 663 δι
458 616 510 679 post
522 619 643 664 Antenora
654 650 661 673 ,
677 614 782 664 flammis

230 692 320 739 Attulit
338 690 423 739 AEneas
437 696 462 740 in
472 692 526 740 loca
540 693 618 741 nostra
631 692 705 740 Deos.

192 765 275 833 Hujus
295 785 345 817 erat
360 770 480 828 Solimus,
492 770 601 835 ‘Phrygii
613 786 693 818 tornes
707 769 770 818 exsul
783 770 814 819 ab
825 767 884 828 lda3

229 847 251 893 A
266 864 315 911 quo
326 846 447 896 Sulmonis
460 851 551 897 mttnia
564 864 653 896 nornen
669 850 766 896 habent.
929 828 961 876 3⁰

192 918 319 969 Sulmonis
331 920 419 986 gelidi,
434 937 532 987 patrue,
544 922 702 980 Germanice,
721 918 815 969 nostre.

227 998 271 1047 Me
289 999 418 1048 miserum!
435 1000 549 1061 Scythico
560 998 634 1064 qudm
651 996 735 1063 procul
749 996 791 1045 iila
802 994 855 1044 solo
864 995 912 1045 est!

189 1074 259 1141 Ergo
273 1094 318 1142 ego
330 1080 339 1125 i
355 1093 405 1126 tarn
414 1076 497 1141 longer
508 1075 549 1125 sed
557 1079 686 1141 supprime,
694 1074 765 1123 Musa
775 1108 783 1135 ,
795 1074 914 1140 quereiam

226 1154 285 1205 Non
300 1157 344 1205 tibi
355 1157 408 1203 sunt
417 1154 498 1202 mesti
510 1155 574 1202 sacra
584 1151 692 1203 canenda
700 1152 763 1215 lyras.

189 1229 250 1291 Quo
261 1248 311 1280 non
325 1233 397 1280 Livor
407 1234 475 1280 abit?
487 1233 542 1279 sunt
552 1234 595 1296 qui
607 1232 651 1279 tibi
661 1234 748 1278 mensis
762 1231 880 1280 honorem
927 1226 955 1289 ὃς

225 1300 341 1367 Eripuiss'e
357 1304 452 1361 veiint,
468 1299 656 1367 invideantque,
675 1304 765 1351 Venus.

188 1378 274 1439 Nam,
287 1382 344 1445 quie
357 1380 405 1427 Ver
423 1381 498 1443 aperit
509 1382 656 1428 tuncomnia
668 1414 676 1437 ‚
689 1376 808 1445 densaque
820 1378 885 1430 cedit

224 1458 328 1524 Frigoris
346 1459 475 1521 asperiter,
497 1455 593 1521 setaque
613 1470 674 1504 terra
691 1460 772 1521 parit3

189 1534 300 1601 Aprilem
310 1524 492 1584 memorant'ab
508 1549 591 1598 aperto
609 1548 718 1599 tempore
732 1534 824 1584 disium
832 1552 840 1595 3

223 1614 394 1675 Quem'Vesrus
406 1614 491 1677 injusti
498 1611 609 1663 uindicat
618 1612 684 1661 airna
695 1628 777 1661 manu.
861 1610 864 1615 ’
925 1630 960 1676 99

188 1690 235 1741 Illa
248 1689 348 1757 quidem
360 1705 440 1741 totum
454 1688 594 1755 dignissima
609 1705 726 1756 temperat
737 1692 843 1753 otbemq
902 1709 904 1715 ·

222 1769 268 1818 illa
288 1782 352 1819 tenet
361 1769 430 1818 nulio
441 1784 514 1833 regna
524 1772 619 1817 minora
627 1769 681 1818 Deo
692 1786 700 1828 3

80 1895 91 1907 ‚
191 1848 296 1914 luraque
313 1846 355 1897 dat
366 1846 449 1910 toeio,
464 1862 552 1905 terrae,
570 1847 689 1896 natalibus
708 1844 795 1905 undiu
894 1868 903 1891 s

221 1926 313 1990 Perque
331 1941 385 1972 suos
397 1928 477 1973 initus
489 1927 599 1975 continet
610 1940 683 1973 omne
695 1938 777 1988 genus.

186 2002 235 2056 illa
247 2004 313 2054 Deos
327 2019 430 2059 omnes,
445 2002 546 2065 longum
557 2016 711 2058 enumerare,
724 2002 834 2063 creavit3
920 2028 950 2075 95

222 2081 266 2129 1112
279 2082 334 2129 satis
353 2081 434 2128 caasas'
453 2078 623 2144 arboribusque
644 2076 720 2127 dedit.

189 2157 235 2208 illa
253 2156 321 2207 rudes
334 2160 428 2207 animos
443 2160 571 2205 hominurn
587 2160 707 2205 contraxit
723 2158 748 2203 in
765 2170 859 2217 unuin,
881 2197 883 2203 ,

221 2236 252 2285 Et
270 2234 354 2284 docuit
370 2237 438 2299 jungi
453 2227 510 2281 cum
524 2248 581 2298 pare
593 2248 713 2299 quemque
731 2232 782 2281 sud.

189 2312 906 2381 Quidgenusomnetreatvoiucrum‚nisiblantsavoluptaa?

219 2388 761 2456 Neccoe'antpecudea,silevirabsitamon
794 2426 797 2434 .
831 2430 835 2437 .
906 2414 953 2452 ton

154 2508 157 2512 .
188 2471 253 2524 Cum
271 2486 336 2519 mare
351 2485 405 2519 trux
416 2473 475 2518 aries
484 2485 560 2519 cornu
571 2467 734 2521 decertattat
745 2466 812 2521 idem
897 2480 900 2485 '

219 2552 333 2598 frontem
349 2546 441 2599 dilesiae
451 2546 536 2600 ledere
547 2550 624 2615 parcit
635 2552 696 2598 ovis.
727 2568 729 2571 ·

187 2627 303 2694 Depositd
318 2642 397 2674 taurus
408 2626 515 2694 sequitur
525 2625 619 2679 feritate
630 2632 754 2693 juvencam
767 2661 776 2687 ,

219 2706 298 2765 Quem
313 2708 359 2752 toti
375 2704 464 2763 saltus,
476 2720 548 2769 quem
563 2718 747 2765 nomuanmne,
768 2722 882 2760 tremunt.
950 2716 954 2725 '

187 2784 230 2834 Vis
241 2780 340 2839 eadem,
358 2779 408 2830 lato
420 2779 589 2847 quodcumque
600 2784 642 2831 sub
651 2782 746 2855 oeqbore
757 2789 834 2847 vivit,
904 2808 947 2863 κς

218 2862 299 2910 Servat
310 2862 352 2917 3&
360 2861 493 2908 innumeris
501 2862 603 2924 piscibus
614 2862 699 2928 implet
708 2878 789 2929 aquas.
924 2862 929 2871 '

187 2942 265 2990 Prima
276 2938 339 2988 feros
353 2938 447 2986 habitus
461 2941 555 2987 homini
569 2938 671 2991 detraxit
680 2960 685 2990 ε
695 2944 724 2991 ab
742 2943 786 2993 iiia

218 3020 340 3067 Venerunt
351 3015 429 3065 cultus
440 3015 578 3083 mundaque
590 3034 646 3069 cura
657 3022 701 3069 siri.

187 3098 275 3153 ututur
291 3110 372 3148 amans
390 3110 485 3149 tarmen
499 3096 642 3166 vigilatum,
656 3102 725 3155 node
736 3099 840 3167 negtd,
