<?xml version="1.0" encoding="UTF-8"?>
<!DOCTYPE html PUBLIC "-//W3C//DTD XHTML 1.0 Transitional//EN"
    "http://www.w3.org/TR/xhtml1/DTD/xhtml1-transitional.dtd">
<html xmlns="http://www.w3.org/1999/xhtml" xml:lang="en" lang="en">
 <head>
  <title>
</title>
<meta http-equiv="Content-Type" content="text/html;charset=utf-8" />
  <meta name='ocr-system' content='tesseract 3.04.00' />
  <meta name='ocr-capabilities' content='ocr_page ocr_carea ocr_par ocr_line ocrx_word'/>
</head>
<body>
  <div class='ocr_page' id='page_1' title='image "./povidiinasoniso02ovidgoog_0056.png"; bbox 0 0 2325 3959; ppageno 0'>
   <div class='ocr_carea' id='block_1_1' title="bbox 81 249 85 786">
    <p class='ocr_par' dir='ltr' id='par_1_1' title="bbox 81 249 85 786">
     <span class='ocr_line' id='line_1_1' title="bbox 81 249 85 786; baseline 0 0"><span class='ocrx_word' id='word_1_1' title='bbox 81 249 85 786; x_wconf 95' lang='lat' dir='ltr'> </span> 
     </span>
    </p>
   </div>
   <div class='ocr_carea' id='block_1_2' title="bbox 87 451 90 1002">
    <p class='ocr_par' dir='ltr' id='par_1_2' title="bbox 87 451 90 1002">
     <span class='ocr_line' id='line_1_2' title="bbox 87 451 90 1002; baseline 0 0"><span class='ocrx_word' id='word_1_2' title='bbox 87 451 90 1002; x_wconf 95' lang='lat' dir='ltr'> </span> 
     </span>
    </p>
   </div>
   <div class='ocr_carea' id='block_1_3' title="bbox 82 249 87 1448">
    <p class='ocr_par' dir='ltr' id='par_1_3' title="bbox 82 249 87 1448">
     <span class='ocr_line' id='line_1_3' title="bbox 82 249 87 1448; baseline 0 0"><span class='ocrx_word' id='word_1_3' title='bbox 82 249 87 1448; x_wconf 95' lang='lat' dir='ltr'> </span> 
     </span>
    </p>
   </div>
   <div class='ocr_carea' id='block_1_4' title="bbox 90 1545 95 2380">
    <p class='ocr_par' dir='ltr' id='par_1_4' title="bbox 90 1545 95 2380">
     <span class='ocr_line' id='line_1_4' title="bbox 90 1545 95 2380; baseline 0 0"><span class='ocrx_word' id='word_1_4' title='bbox 90 1545 95 2380; x_wconf 95' lang='lat' dir='ltr'> </span> 
     </span>
    </p>
   </div>
   <div class='ocr_carea' id='block_1_5' title="bbox 93 1815 98 2380">
    <p class='ocr_par' dir='ltr' id='par_1_5' title="bbox 93 1815 98 2380">
     <span class='ocr_line' id='line_1_5' title="bbox 93 1815 98 2380; baseline 0 0"><span class='ocrx_word' id='word_1_5' title='bbox 93 1815 98 2380; x_wconf 95' lang='lat' dir='ltr'> </span> 
     </span>
    </p>
   </div>
   <div class='ocr_carea' id='block_1_6' title="bbox 87 1801 91 3070">
    <p class='ocr_par' dir='ltr' id='par_1_6' title="bbox 87 1801 91 3070">
     <span class='ocr_line' id='line_1_6' title="bbox 87 1801 91 3070; baseline 0 0"><span class='ocrx_word' id='word_1_6' title='bbox 87 1801 91 3070; x_wconf 95' lang='lat' dir='ltr'> </span> 
     </span>
    </p>
   </div>
   <div class='ocr_carea' id='block_1_7' title="bbox 85 1801 94 3093">
    <p class='ocr_par' dir='ltr' id='par_1_7' title="bbox 85 1801 94 3093">
     <span class='ocr_line' id='line_1_7' title="bbox 85 1801 94 3093; baseline 0 0"><span class='ocrx_word' id='word_1_7' title='bbox 85 1801 94 3093; x_wconf 95' lang='lat' dir='ltr'> </span> 
     </span>
    </p>
   </div>
   <div class='ocr_carea' id='block_1_8' title="bbox 80 2149 86 3070">
    <p class='ocr_par' dir='ltr' id='par_1_8' title="bbox 80 2149 86 3070">
     <span class='ocr_line' id='line_1_8' title="bbox 80 2149 86 3070; baseline 0 0"><span class='ocrx_word' id='word_1_8' title='bbox 80 2149 86 3070; x_wconf 95' lang='lat' dir='ltr'> </span> 
     </span>
    </p>
   </div>
   <div class='ocr_carea' id='block_1_9' title="bbox 81 2149 86 3096">
    <p class='ocr_par' dir='ltr' id='par_1_9' title="bbox 81 2149 86 3096">
     <span class='ocr_line' id='line_1_9' title="bbox 81 2149 86 3096; baseline 0 0"><span class='ocrx_word' id='word_1_9' title='bbox 81 2149 86 3096; x_wconf 95' lang='lat' dir='ltr'> </span> 
     </span>
    </p>
   </div>
   <div class='ocr_carea' id='block_1_10' title="bbox 292 340 865 432">
    <p class='ocr_par' dir='ltr' id='par_1_10' title="bbox 292 340 865 432">
     <span class='ocr_line' id='line_1_10' title="bbox 292 340 865 432; baseline -0.003 -25"><span class='ocrx_word' id='word_1_10' title='bbox 292 363 336 432; x_wconf 84' lang='lat'>54</span> <span class='ocrx_word' id='word_1_11' title='bbox 407 340 450 407; x_wconf 89' lang='lat' dir='ltr'>P.</span> <span class='ocrx_word' id='word_1_12' title='bbox 487 340 641 407; x_wconf 73' lang='lat' dir='ltr'>Orrorr</span> <span class='ocrx_word' id='word_1_13' title='bbox 670 341 865 409; x_wconf 62' lang='lat' dir='ltr'>anours</span> 
     </span>
    </p>
   </div>
   <div class='ocr_carea' id='block_1_11' title="bbox 242 461 1064 2879">
    <p class='ocr_par' dir='ltr' id='par_1_11' title="bbox 242 461 1064 2879">
     <span class='ocr_line' id='line_1_11' title="bbox 321 461 802 527; baseline 0.004 -17"><span class='ocrx_word' id='word_1_14' title='bbox 321 463 351 511; x_wconf 86' lang='lat' dir='ltr'>Et</span> <span class='ocrx_word' id='word_1_15' title='bbox 366 463 455 527; x_wconf 82' lang='lat' dir='ltr'>septem</span> <span class='ocrx_word' id='word_1_16' title='bbox 465 463 543 526; x_wconf 80' lang='lat' dir='ltr'>nigras</span> <span class='ocrx_word' id='word_1_17' title='bbox 554 462 632 514; x_wconf 75' lang='lat' dir='ltr'>versat</span> <span class='ocrx_word' id='word_1_18' title='bbox 642 463 668 511; x_wconf 80' lang='lat' dir='ltr'>in</span> <span class='ocrx_word' id='word_1_19' title='bbox 678 478 719 511; x_wconf 89' lang='lat' dir='ltr'>ore</span> <span class='ocrx_word' id='word_1_20' title='bbox 727 461 802 514; x_wconf 84' lang='lat' dir='ltr'>fabas.</span> 
     </span>
     <span class='ocr_line' id='line_1_12' title="bbox 290 537 1064 609; baseline -0.003 -20"><span class='ocrx_word' id='word_1_21' title='bbox 290 538 409 605; x_wconf 83' lang='lat' dir='ltr'>Quodque</span> <span class='ocrx_word' id='word_1_22' title='bbox 421 543 471 604; x_wconf 86' lang='lat' dir='ltr'>pite</span> <span class='ocrx_word' id='word_1_23' title='bbox 485 539 608 589; x_wconf 80' lang='lat' dir='ltr'>adstrinxit</span> <span class='ocrx_word' id='word_1_24' title='bbox 621 576 628 599; x_wconf 95' lang='lat'>,</span> <span class='ocrx_word' id='word_1_25' title='bbox 640 538 707 609; x_wconf 87' lang='lat' dir='ltr'>quod</span> <span class='ocrx_word' id='word_1_26' title='bbox 717 557 759 589; x_wconf 85' lang='lat' dir='ltr'>acu</span> <span class='ocrx_word' id='word_1_27' title='bbox 772 541 865 606; x_wconf 83' lang='lat' dir='ltr'>trajecit</span> <span class='ocrx_word' id='word_1_28' title='bbox 877 537 976 599; x_wconf 75' lang='lat' dir='ltr'>aheni,</span> <span class='ocrx_word' id='word_1_29' title='bbox 1060 591 1064 597; x_wconf 57' lang='grc'><strong><em>,</em></strong></span> 
     </span>
     <span class='ocr_line' id='line_1_13' title="bbox 321 618 813 685; baseline 0.004 -18"><span class='ocrx_word' id='word_1_30' title='bbox 321 618 439 668; x_wconf 82' lang='lat' dir='ltr'>Obsutum</span> <span class='ocrx_word' id='word_1_31' title='bbox 451 634 532 669; x_wconf 78' lang='lat' dir='ltr'>maenae</span> <span class='ocrx_word' id='word_1_32' title='bbox 545 633 620 669; x_wconf 89' lang='lat' dir='ltr'>torret</span> <span class='ocrx_word' id='word_1_33' title='bbox 631 625 656 669; x_wconf 89' lang='lat' dir='ltr'>in</span> <span class='ocrx_word' id='word_1_34' title='bbox 667 622 721 684; x_wconf 73' lang='lat' dir='ltr'>igne</span> <span class='ocrx_word' id='word_1_35' title='bbox 733 634 813 685; x_wconf 76' lang='lat' dir='ltr'>eaput.</span> 
     </span>
     <span class='ocr_line' id='line_1_14' title="bbox 287 694 1013 764; baseline 0 -19"><span class='ocrx_word' id='word_1_36' title='bbox 287 695 351 745; x_wconf 81' lang='lat' dir='ltr'>Vina</span> <span class='ocrx_word' id='word_1_37' title='bbox 361 712 456 764; x_wconf 86' lang='lat' dir='ltr'>quoque</span> <span class='ocrx_word' id='word_1_38' title='bbox 469 696 584 747; x_wconf 83' lang='lat' dir='ltr'>instillat:</span> <span class='ocrx_word' id='word_1_39' title='bbox 595 700 645 746; x_wconf 79' lang='lat' dir='ltr'>elui</span> <span class='ocrx_word' id='word_1_40' title='bbox 656 696 827 764; x_wconf 85' lang='lat' dir='ltr'>quodcumque</span> <span class='ocrx_word' id='word_1_41' title='bbox 836 697 943 747; x_wconf 76' lang='lat' dir='ltr'>telisium</span> <span class='ocrx_word' id='word_1_42' title='bbox 953 694 991 745; x_wconf 82' lang='lat' dir='ltr'>est</span> <span class='ocrx_word' id='word_1_43' title='bbox 999 729 1013 757; x_wconf 83' lang='lat'>,</span> 
     </span>
     <span class='ocr_line' id='line_1_15' title="bbox 242 770 977 841; baseline 0 -16"><span class='ocrx_word' id='word_1_44' title='bbox 242 770 289 833; x_wconf 68' lang='lat'>580</span> <span class='ocrx_word' id='word_1_45' title='bbox 322 777 370 823; x_wconf 79' lang='lat' dir='ltr'>Aut</span> <span class='ocrx_word' id='word_1_46' title='bbox 385 777 450 839; x_wconf 83' lang='lat' dir='ltr'>ipsa,</span> <span class='ocrx_word' id='word_1_47' title='bbox 469 790 510 823; x_wconf 83' lang='lat' dir='ltr'>aur</span> <span class='ocrx_word' id='word_1_48' title='bbox 520 779 642 834; x_wconf 85' lang='lat' dir='ltr'>comites,</span> <span class='ocrx_word' id='word_1_49' title='bbox 660 775 713 841; x_wconf 81' lang='lat' dir='ltr'>plus</span> <span class='ocrx_word' id='word_1_50' title='bbox 727 792 808 829; x_wconf 80' lang='lat' dir='ltr'>tamen</span> <span class='ocrx_word' id='word_1_51' title='bbox 821 774 977 841; x_wconf 56' lang='lat' dir='ltr'>ipsa,‚bibit·</span> 
     </span>
     <span class='ocr_line' id='line_1_16' title="bbox 290 852 857 918; baseline 0.002 -15"><span class='ocrx_word' id='word_1_52' title='bbox 290 852 393 903; x_wconf 86' lang='lat' dir='ltr'>Hostiles</span> <span class='ocrx_word' id='word_1_53' title='bbox 408 855 500 918; x_wconf 78' lang='lat' dir='ltr'>linguas</span> <span class='ocrx_word' id='word_1_54' title='bbox 511 857 657 918; x_wconf 84' lang='lat' dir='ltr'>inimicaque</span> <span class='ocrx_word' id='word_1_55' title='bbox 668 856 787 905; x_wconf 75' lang='lat' dir='ltr'>vinximus</span> <span class='ocrx_word' id='word_1_56' title='bbox 798 871 857 914; x_wconf 86' lang='lat' dir='ltr'>ora,</span> 
     </span>
     <span class='ocr_line' id='line_1_17' title="bbox 323 930 855 999; baseline 0.002 -19"><span class='ocrx_word' id='word_1_57' title='bbox 323 931 390 981; x_wconf 85' lang='lat' dir='ltr'>Dicit</span> <span class='ocrx_word' id='word_1_58' title='bbox 406 930 544 991; x_wconf 80' lang='lat' dir='ltr'>discedens,</span> <span class='ocrx_word' id='word_1_59' title='bbox 563 933 674 999; x_wconf 83' lang='lat' dir='ltr'>ebriaque</span> <span class='ocrx_word' id='word_1_60' title='bbox 690 936 737 981; x_wconf 78' lang='lat' dir='ltr'>exit</span> <span class='ocrx_word' id='word_1_61' title='bbox 749 949 822 997; x_wconf 55' lang='lat' dir='ltr'>anus,</span> <span class='ocrx_word' id='word_1_62' title='bbox 852 944 855 948; x_wconf 68' lang='grc'><em>“</em></span> 
     </span>
     <span class='ocr_line' id='line_1_18' title="bbox 291 1009 940 1076; baseline 0.003 -17"><span class='ocrx_word' id='word_1_63' title='bbox 291 1011 309 1059; x_wconf 86' lang='lat' dir='ltr'>F</span> <span class='ocrx_word' id='word_1_64' title='bbox 311 1014 424 1060; x_wconf 83' lang='lat' dir='ltr'>orsitana</span> <span class='ocrx_word' id='word_1_65' title='bbox 437 1012 524 1069; x_wconf 88' lang='lat' dir='ltr'>nobis,</span> <span class='ocrx_word' id='word_1_66' title='bbox 546 1027 600 1075; x_wconf 79' lang='lat' dir='ltr'>quae</span> <span class='ocrx_word' id='word_1_67' title='bbox 612 1014 643 1062; x_wconf 89' lang='lat' dir='ltr'>sit</span> <span class='ocrx_word' id='word_1_68' title='bbox 654 1011 705 1061; x_wconf 84' lang='lat' dir='ltr'>Dea</span> <span class='ocrx_word' id='word_1_69' title='bbox 719 1012 809 1070; x_wconf 83' lang='lat' dir='ltr'>Muta,</span> <span class='ocrx_word' id='word_1_70' title='bbox 827 1009 940 1076; x_wconf 68' lang='lat' dir='ltr'>requ‘uai·</span> 
     </span>
     <span class='ocr_line' id='line_1_19' title="bbox 325 1089 933 1163; baseline 0 -26"><span class='ocrx_word' id='word_1_71' title='bbox 325 1089 411 1149; x_wconf 84' lang='lat' dir='ltr'>Disce,</span> <span class='ocrx_word' id='word_1_72' title='bbox 423 1105 465 1153; x_wconf 83' lang='lat' dir='ltr'>per</span> <span class='ocrx_word' id='word_1_73' title='bbox 478 1092 590 1154; x_wconf 84' lang='lat' dir='ltr'>antiquos</span> <span class='ocrx_word' id='word_1_74' title='bbox 599 1106 652 1155; x_wconf 75' lang='lat' dir='ltr'>quae</span> <span class='ocrx_word' id='word_1_75' title='bbox 662 1092 723 1144; x_wconf 81' lang='lat' dir='ltr'>mihi</span> <span class='ocrx_word' id='word_1_76' title='bbox 733 1106 792 1139; x_wconf 88' lang='lat' dir='ltr'>nota</span> <span class='ocrx_word' id='word_1_77' title='bbox 802 1090 877 1139; x_wconf 89' lang='lat' dir='ltr'>senes.</span> <span class='ocrx_word' id='word_1_78' title='bbox 927 1147 933 1163; x_wconf 32' lang='grc' dir='ltr'>ἱ</span> 
     </span>
     <span class='ocr_line' id='line_1_20' title="bbox 243 1160 833 1233; baseline -0.003 -14"><span class='ocrx_word' id='word_1_79' title='bbox 243 1160 399 1233; x_wconf 65' lang='lat' dir='ltr'>535Juppiter</span> <span class='ocrx_word' id='word_1_80' title='bbox 409 1166 531 1223; x_wconf 85' lang='lat' dir='ltr'>indomito</span> <span class='ocrx_word' id='word_1_81' title='bbox 544 1170 649 1219; x_wconf 73' lang='lat' dir='ltr'>Iuturna</span> <span class='ocrx_word' id='word_1_82' title='bbox 659 1185 740 1233; x_wconf 79' lang='lat' dir='ltr'>captus</span> <span class='ocrx_word' id='word_1_83' title='bbox 751 1184 833 1219; x_wconf 69' lang='lat' dir='ltr'>onore</span> 
     </span>
     <span class='ocr_line' id='line_1_21' title="bbox 326 1245 824 1313; baseline 0.002 -17"><span class='ocrx_word' id='word_1_84' title='bbox 326 1246 406 1296; x_wconf 84' lang='lat' dir='ltr'>Multa</span> <span class='ocrx_word' id='word_1_85' title='bbox 417 1247 489 1307; x_wconf 87' lang='lat' dir='ltr'>tulit,</span> <span class='ocrx_word' id='word_1_86' title='bbox 502 1262 570 1301; x_wconf 82' lang='lat' dir='ltr'>tanto</span> <span class='ocrx_word' id='word_1_87' title='bbox 580 1264 630 1297; x_wconf 85' lang='lat' dir='ltr'>non</span> <span class='ocrx_word' id='word_1_88' title='bbox 639 1245 750 1313; x_wconf 85' lang='lat' dir='ltr'>patienda</span> <span class='ocrx_word' id='word_1_89' title='bbox 759 1246 824 1297; x_wconf 82' lang='lat' dir='ltr'>Deo.</span> 
     </span>
     <span class='ocr_line' id='line_1_22' title="bbox 293 1323 854 1388; baseline 0.004 -13"><span class='ocrx_word' id='word_1_90' title='bbox 293 1325 339 1375; x_wconf 83' lang='lat' dir='ltr'>Illa</span> <span class='ocrx_word' id='word_1_91' title='bbox 351 1323 427 1377; x_wconf 79' lang='lat' dir='ltr'>rnodd</span> <span class='ocrx_word' id='word_1_92' title='bbox 437 1329 463 1379; x_wconf 90' lang='lat' dir='ltr'>in</span> <span class='ocrx_word' id='word_1_93' title='bbox 479 1326 545 1377; x_wconf 87' lang='lat' dir='ltr'>silvis</span> <span class='ocrx_word' id='word_1_94' title='bbox 556 1329 619 1375; x_wconf 89' lang='lat' dir='ltr'>inter</span> <span class='ocrx_word' id='word_1_95' title='bbox 629 1326 737 1388; x_wconf 75' lang='lat' dir='ltr'>coryleta</span> <span class='ocrx_word' id='word_1_96' title='bbox 745 1325 834 1377; x_wconf 87' lang='lat' dir='ltr'>latebat</span> <span class='ocrx_word' id='word_1_97' title='bbox 844 1341 854 1376; x_wconf 73' lang='grc' dir='ltr'>ι</span> 
     </span>
     <span class='ocr_line' id='line_1_23' title="bbox 326 1402 876 1471; baseline -0.005 -17"><span class='ocrx_word' id='word_1_98' title='bbox 326 1404 397 1455; x_wconf 82' lang='lat' dir='ltr'>Nunc</span> <span class='ocrx_word' id='word_1_99' title='bbox 413 1408 439 1455; x_wconf 89' lang='lat' dir='ltr'>in</span> <span class='ocrx_word' id='word_1_100' title='bbox 454 1420 570 1470; x_wconf 80' lang='lat' dir='ltr'>cognatas</span> <span class='ocrx_word' id='word_1_101' title='bbox 588 1402 714 1456; x_wconf 75' lang='lat' dir='ltr'>desiliebat</span> <span class='ocrx_word' id='word_1_102' title='bbox 724 1420 805 1471; x_wconf 82' lang='lat' dir='ltr'>aquas.</span> <span class='ocrx_word' id='word_1_103' title='bbox 874 1429 876 1434; x_wconf 95' lang='lat'>·</span> 
     </span>
     <span class='ocr_line' id='line_1_24' title="bbox 294 1477 1021 1548; baseline -0.004 -14"><span class='ocrx_word' id='word_1_104' title='bbox 294 1484 423 1535; x_wconf 88' lang='lat' dir='ltr'>Convocat</span> <span class='ocrx_word' id='word_1_105' title='bbox 431 1484 612 1548; x_wconf 83' lang='lat' dir='ltr'>hieNymphas,</span> <span class='ocrx_word' id='word_1_106' title='bbox 621 1484 727 1543; x_wconf 88' lang='lat' dir='ltr'>Latium,</span> <span class='ocrx_word' id='word_1_107' title='bbox 735 1477 1021 1548; x_wconf 83' lang='lat' dir='ltr'>quotcumquetentbass</span> 
     </span>
     <span class='ocr_line' id='line_1_25' title="bbox 242 1560 804 1629; baseline -0.002 -19"><span class='ocrx_word' id='word_1_108' title='bbox 242 1580 255 1629; x_wconf 81' lang='lat'><em>5</em></span> <span class='ocrx_word' id='word_1_109' title='bbox 265 1579 295 1617; x_wconf 65' lang='lat' dir='ltr'>oo</span> <span class='ocrx_word' id='word_1_110' title='bbox 329 1562 359 1610; x_wconf 85' lang='lat' dir='ltr'>Et</span> <span class='ocrx_word' id='word_1_111' title='bbox 370 1564 427 1627; x_wconf 76' lang='lat' dir='ltr'>jacit</span> <span class='ocrx_word' id='word_1_112' title='bbox 438 1565 464 1610; x_wconf 88' lang='lat' dir='ltr'>in</span> <span class='ocrx_word' id='word_1_113' title='bbox 474 1560 555 1611; x_wconf 88' lang='lat' dir='ltr'>medio</span> <span class='ocrx_word' id='word_1_114' title='bbox 567 1561 625 1611; x_wconf 76' lang='lat' dir='ltr'>talia</span> <span class='ocrx_word' id='word_1_115' title='bbox 634 1560 705 1612; x_wconf 77' lang='lat' dir='ltr'>verba</span> <span class='ocrx_word' id='word_1_116' title='bbox 715 1562 804 1609; x_wconf 84' lang='lat' dir='ltr'>choro:</span> 
     </span>
     <span class='ocr_line' id='line_1_26' title="bbox 296 1636 913 1707; baseline -0.003 -20"><span class='ocrx_word' id='word_1_117' title='bbox 296 1636 391 1688; x_wconf 88' lang='lat' dir='ltr'>lnvidet</span> <span class='ocrx_word' id='word_1_118' title='bbox 403 1641 453 1703; x_wconf 83' lang='lat' dir='ltr'>ipsa</span> <span class='ocrx_word' id='word_1_119' title='bbox 468 1642 531 1697; x_wconf 85' lang='lat' dir='ltr'>sibi,</span> <span class='ocrx_word' id='word_1_120' title='bbox 550 1643 658 1704; x_wconf 80' lang='lat' dir='ltr'>vitatque</span> <span class='ocrx_word' id='word_1_121' title='bbox 668 1636 736 1707; x_wconf 88' lang='lat' dir='ltr'>quod</span> <span class='ocrx_word' id='word_1_122' title='bbox 747 1636 842 1704; x_wconf 78' lang='lat' dir='ltr'>expedit</span> <span class='ocrx_word' id='word_1_123' title='bbox 858 1636 913 1697; x_wconf 90' lang='lat' dir='ltr'>illi,</span> 
     </span>
     <span class='ocr_line' id='line_1_27' title="bbox 329 1715 913 1782; baseline -0.003 -17"><span class='ocrx_word' id='word_1_124' title='bbox 329 1716 411 1767; x_wconf 85' lang='lat' dir='ltr'>Vestra</span> <span class='ocrx_word' id='word_1_125' title='bbox 428 1718 496 1767; x_wconf 87' lang='lat' dir='ltr'>soror</span> <span class='ocrx_word' id='word_1_126' title='bbox 513 1717 609 1765; x_wconf 83' lang='lat' dir='ltr'>summo</span> <span class='ocrx_word' id='word_1_127' title='bbox 619 1720 716 1782; x_wconf 73' lang='lat' dir='ltr'>jungere</span> <span class='ocrx_word' id='word_1_128' title='bbox 727 1718 836 1768; x_wconf 86' lang='lat' dir='ltr'>membra</span> <span class='ocrx_word' id='word_1_129' title='bbox 848 1715 913 1765; x_wconf 83' lang='lat' dir='ltr'>Deo.</span> 
     </span>
     <span class='ocr_line' id='line_1_28' title="bbox 297 1791 1012 1861; baseline -0.007 -14"><span class='ocrx_word' id='word_1_130' title='bbox 297 1793 426 1847; x_wconf 87' lang='lat' dir='ltr'>Consulite</span> <span class='ocrx_word' id='word_1_131' title='bbox 442 1794 574 1845; x_wconf 82' lang='lat' dir='ltr'>ambobus:</span> <span class='ocrx_word' id='word_1_132' title='bbox 585 1810 642 1843; x_wconf 88' lang='lat' dir='ltr'>nam</span> <span class='ocrx_word' id='word_1_133' title='bbox 652 1810 704 1861; x_wconf 76' lang='lat' dir='ltr'>qua</span> <span class='ocrx_word' id='word_1_134' title='bbox 716 1812 770 1845; x_wconf 87' lang='lat' dir='ltr'>mea</span> <span class='ocrx_word' id='word_1_135' title='bbox 779 1810 867 1860; x_wconf 73' lang='lat' dir='ltr'>magna</span> <span class='ocrx_word' id='word_1_136' title='bbox 876 1791 1012 1857; x_wconf 74' lang='lat' dir='ltr'>voluptas,</span> 
     </span>
     <span class='ocr_line' id='line_1_29' title="bbox 330 1871 788 1937; baseline 0.004 -16"><span class='ocrx_word' id='word_1_137' title='bbox 330 1871 428 1927; x_wconf 72' lang='lat' dir='ltr'>Utilitas</span> <span class='ocrx_word' id='word_1_138' title='bbox 442 1872 522 1923; x_wconf 75' lang='lat' dir='ltr'>vestire</span> <span class='ocrx_word' id='word_1_139' title='bbox 537 1888 624 1937; x_wconf 81' lang='lat' dir='ltr'>magna</span> <span class='ocrx_word' id='word_1_140' title='bbox 634 1874 720 1923; x_wconf 90' lang='lat' dir='ltr'>sorotis</span> <span class='ocrx_word' id='word_1_141' title='bbox 733 1876 788 1923; x_wconf 74' lang='lat' dir='ltr'>etit·</span> 
     </span>
     <span class='ocr_line' id='line_1_30' title="bbox 252 1949 842 2017; baseline 0.003 -16"><span class='ocrx_word' id='word_1_142' title='bbox 252 1950 349 2011; x_wconf 79' lang='lat' dir='ltr'>595V0s</span> <span class='ocrx_word' id='word_1_143' title='bbox 367 1950 405 2001; x_wconf 88' lang='lat' dir='ltr'>illi</span> <span class='ocrx_word' id='word_1_144' title='bbox 416 1953 441 2001; x_wconf 82' lang='lat' dir='ltr'>in</span> <span class='ocrx_word' id='word_1_145' title='bbox 452 1949 530 2015; x_wconf 73' lang='lat' dir='ltr'>primi</span> <span class='ocrx_word' id='word_1_146' title='bbox 544 1950 646 2016; x_wconf 77' lang='lat' dir='ltr'>fugienti</span> <span class='ocrx_word' id='word_1_147' title='bbox 655 1950 760 2001; x_wconf 82' lang='lat' dir='ltr'>obsistite</span> <span class='ocrx_word' id='word_1_148' title='bbox 772 1949 842 2017; x_wconf 70' lang='lat' dir='ltr'>ripd,</span> 
     </span>
     <span class='ocr_line' id='line_1_31' title="bbox 332 2028 841 2095; baseline 0.002 -18"><span class='ocrx_word' id='word_1_149' title='bbox 332 2028 369 2078; x_wconf 93' lang='lat' dir='ltr'>Ne</span> <span class='ocrx_word' id='word_1_150' title='bbox 380 2030 421 2079; x_wconf 84' lang='lat' dir='ltr'>sua</span> <span class='ocrx_word' id='word_1_151' title='bbox 430 2028 545 2079; x_wconf 74' lang='lat' dir='ltr'>fluminei</span> <span class='ocrx_word' id='word_1_152' title='bbox 556 2044 657 2093; x_wconf 80' lang='lat' dir='ltr'>corpora</span> <span class='ocrx_word' id='word_1_153' title='bbox 668 2044 759 2095; x_wconf 73' lang='lat' dir='ltr'>mergat</span> <span class='ocrx_word' id='word_1_154' title='bbox 769 2028 841 2095; x_wconf 74' lang='lat' dir='ltr'>aqud.</span> 
     </span>
     <span class='ocr_line' id='line_1_32' title="bbox 299 2105 901 2167; baseline 0.005 -11"><span class='ocrx_word' id='word_1_155' title='bbox 299 2108 397 2157; x_wconf 74' lang='lat' dir='ltr'>Dixerat</span> <span class='ocrx_word' id='word_1_156' title='bbox 408 2126 414 2156; x_wconf 83' lang='lat' dir='ltr'>e</span> <span class='ocrx_word' id='word_1_157' title='bbox 425 2123 558 2163; x_wconf 84' lang='lat' dir='ltr'>annuerunt</span> <span class='ocrx_word' id='word_1_158' title='bbox 571 2124 656 2161; x_wconf 84' lang='lat' dir='ltr'>omnes</span> <span class='ocrx_word' id='word_1_159' title='bbox 666 2106 816 2161; x_wconf 84' lang='lat' dir='ltr'>Tiberinides</span> <span class='ocrx_word' id='word_1_160' title='bbox 828 2105 901 2167; x_wconf 71' lang='lat' dir='ltr'>ude.</span> 
     </span>
     <span class='ocr_line' id='line_1_33' title="bbox 333 2184 916 2253; baseline 0.002 -19"><span class='ocrx_word' id='word_1_161' title='bbox 333 2186 438 2253; x_wconf 86' lang='lat' dir='ltr'>Quaeque</span> <span class='ocrx_word' id='word_1_162' title='bbox 455 2187 539 2237; x_wconf 87' lang='lat' dir='ltr'>colunt</span> <span class='ocrx_word' id='word_1_163' title='bbox 554 2186 687 2240; x_wconf 77' lang='lat' dir='ltr'>thalamos,</span> <span class='ocrx_word' id='word_1_164' title='bbox 704 2186 747 2238; x_wconf 86' lang='lat' dir='ltr'>ilia</span> <span class='ocrx_word' id='word_1_165' title='bbox 762 2184 836 2246; x_wconf 80' lang='lat' dir='ltr'>diva,</span> <span class='ocrx_word' id='word_1_166' title='bbox 852 2202 916 2242; x_wconf 85' lang='lat' dir='ltr'>tuos,</span> 
     </span>
     <span class='ocr_line' id='line_1_34' title="bbox 301 2263 918 2330; baseline 0.008 -17"><span class='ocrx_word' id='word_1_167' title='bbox 301 2266 371 2313; x_wconf 83' lang='lat' dir='ltr'>lorte</span> <span class='ocrx_word' id='word_1_168' title='bbox 383 2264 430 2314; x_wconf 84' lang='lat' dir='ltr'>fuit</span> <span class='ocrx_word' id='word_1_169' title='bbox 445 2265 524 2323; x_wconf 85' lang='lat' dir='ltr'>Nais,</span> <span class='ocrx_word' id='word_1_170' title='bbox 539 2263 599 2313; x_wconf 81' lang='lat' dir='ltr'>Lata</span> <span class='ocrx_word' id='word_1_171' title='bbox 609 2268 707 2313; x_wconf 88' lang='lat' dir='ltr'>nomine</span> <span class='ocrx_word' id='word_1_172' title='bbox 720 2284 726 2313; x_wconf 74' lang='lat' dir='ltr'>s</span> <span class='ocrx_word' id='word_1_173' title='bbox 738 2268 814 2330; x_wconf 85' lang='lat' dir='ltr'>prima</span> <span class='ocrx_word' id='word_1_174' title='bbox 825 2264 865 2315; x_wconf 92' lang='lat' dir='ltr'>sed</span> <span class='ocrx_word' id='word_1_175' title='bbox 879 2265 918 2318; x_wconf 85' lang='lat' dir='ltr'>illi</span> 
     </span>
     <span class='ocr_line' id='line_1_35' title="bbox 253 2342 886 2408; baseline 0.003 -15"><span class='ocrx_word' id='word_1_176' title='bbox 253 2355 299 2402; x_wconf 73' lang='lat' dir='ltr'>sto</span> <span class='ocrx_word' id='word_1_177' title='bbox 334 2342 405 2390; x_wconf 79' lang='lat' dir='ltr'>Disia</span> <span class='ocrx_word' id='word_1_178' title='bbox 421 2343 455 2391; x_wconf 88' lang='lat' dir='ltr'>bis</span> <span class='ocrx_word' id='word_1_179' title='bbox 473 2345 599 2408; x_wconf 84' lang='lat' dir='ltr'>antiquum</span> <span class='ocrx_word' id='word_1_180' title='bbox 610 2342 702 2406; x_wconf 79' lang='lat' dir='ltr'>syllaba</span> <span class='ocrx_word' id='word_1_181' title='bbox 714 2361 803 2394; x_wconf 88' lang='lat' dir='ltr'>nomen</span> <span class='ocrx_word' id='word_1_182' title='bbox 817 2361 886 2406; x_wconf 82' lang='lat' dir='ltr'>etat,</span> 
     </span>
     <span class='ocr_line' id='line_1_36' title="bbox 302 2420 858 2487; baseline 0.007 -18"><span class='ocrx_word' id='word_1_183' title='bbox 302 2420 336 2469; x_wconf 76' lang='lat' dir='ltr'>[r</span> <span class='ocrx_word' id='word_1_184' title='bbox 352 2424 413 2470; x_wconf 90' lang='lat' dir='ltr'>vitio</span> <span class='ocrx_word' id='word_1_185' title='bbox 427 2424 540 2487; x_wconf 81' lang='lat' dir='ltr'>positum.</span> <span class='ocrx_word' id='word_1_186' title='bbox 553 2424 618 2487; x_wconf 81' lang='lat' dir='ltr'>Saepe</span> <span class='ocrx_word' id='word_1_187' title='bbox 626 2422 663 2471; x_wconf 90' lang='lat' dir='ltr'>illi</span> <span class='ocrx_word' id='word_1_188' title='bbox 674 2420 858 2484; x_wconf 78' lang='lat' dir='ltr'>dixeratlilmo,</span> 
     </span>
     <span class='ocr_line' id='line_1_37' title="bbox 337 2498 903 2565; baseline 0.009 -18"><span class='ocrx_word' id='word_1_189' title='bbox 337 2498 417 2558; x_wconf 81' lang='lat' dir='ltr'>Nara,</span> <span class='ocrx_word' id='word_1_190' title='bbox 430 2514 483 2550; x_wconf 86' lang='lat' dir='ltr'>tene</span> <span class='ocrx_word' id='word_1_191' title='bbox 495 2500 602 2565; x_wconf 75' lang='lat' dir='ltr'>linguam</span> <span class='ocrx_word' id='word_1_192' title='bbox 613 2519 618 2549; x_wconf 75' lang='grc' dir='ltr'><strong>ι</strong></span> <span class='ocrx_word' id='word_1_193' title='bbox 628 2517 671 2549; x_wconf 87' lang='lat' dir='ltr'>nee</span> <span class='ocrx_word' id='word_1_194' title='bbox 684 2516 763 2551; x_wconf 75' lang='lat' dir='ltr'>rumen</span> <span class='ocrx_word' id='word_1_195' title='bbox 773 2502 817 2551; x_wconf 87' lang='lat' dir='ltr'>illa</span> <span class='ocrx_word' id='word_1_196' title='bbox 828 2517 903 2553; x_wconf 85' lang='lat' dir='ltr'>tenet.</span> 
     </span>
     <span class='ocr_line' id='line_1_38' title="bbox 304 2576 928 2643; baseline 0.003 -18"><span class='ocrx_word' id='word_1_197' title='bbox 304 2576 378 2637; x_wconf 81' lang='lat' dir='ltr'>Quae,</span> <span class='ocrx_word' id='word_1_198' title='bbox 398 2577 468 2627; x_wconf 88' lang='lat' dir='ltr'>simul</span> <span class='ocrx_word' id='word_1_199' title='bbox 485 2595 512 2627; x_wconf 80' lang='lat' dir='ltr'>ac</span> <span class='ocrx_word' id='word_1_200' title='bbox 526 2581 605 2642; x_wconf 78' lang='lat' dir='ltr'>tetigit</span> <span class='ocrx_word' id='word_1_201' title='bbox 615 2579 720 2629; x_wconf 75' lang='lat' dir='ltr'>luturnae</span> <span class='ocrx_word' id='word_1_202' title='bbox 730 2580 810 2643; x_wconf 72' lang='lat' dir='ltr'>stagna</span> <span class='ocrx_word' id='word_1_203' title='bbox 820 2581 906 2633; x_wconf 77' lang='lat' dir='ltr'>sotoris</span> <span class='ocrx_word' id='word_1_204' title='bbox 914 2610 928 2642; x_wconf 86' lang='lat'>,</span> 
     </span>
     <span class='ocr_line' id='line_1_39' title="bbox 337 2654 880 2722; baseline 0.015 -19"><span class='ocrx_word' id='word_1_205' title='bbox 337 2654 439 2720; x_wconf 77' lang='lat' dir='ltr'>Effuge,</span> <span class='ocrx_word' id='word_1_206' title='bbox 450 2660 483 2707; x_wconf 85' lang='lat' dir='ltr'>ait</span> <span class='ocrx_word' id='word_1_207' title='bbox 493 2691 502 2711; x_wconf 86' lang='lat'>,</span> <span class='ocrx_word' id='word_1_208' title='bbox 512 2658 573 2721; x_wconf 78' lang='lat' dir='ltr'>ripas</span> <span class='ocrx_word' id='word_1_209' title='bbox 586 2674 592 2705; x_wconf 79' lang='lat' dir='ltr'>e</span> <span class='ocrx_word' id='word_1_210' title='bbox 603 2654 665 2706; x_wconf 76' lang='lat' dir='ltr'>disin</span> <span class='ocrx_word' id='word_1_211' title='bbox 676 2657 794 2722; x_wconf 82' lang='lat' dir='ltr'>refertque</span> <span class='ocrx_word' id='word_1_212' title='bbox 805 2658 880 2711; x_wconf 76' lang='lat' dir='ltr'>lovis·</span> 
     </span>
     <span class='ocr_line' id='line_1_40' title="bbox 256 2734 956 2801; baseline 0.003 -16"><span class='ocrx_word' id='word_1_213' title='bbox 256 2734 350 2799; x_wconf 68' lang='lat' dir='ltr'>no5llla</span> <span class='ocrx_word' id='word_1_214' title='bbox 368 2737 441 2785; x_wconf 81' lang='lat' dir='ltr'>etiarn</span> <span class='ocrx_word' id='word_1_215' title='bbox 450 2736 568 2785; x_wconf 84' lang='lat' dir='ltr'>lunonem</span> <span class='ocrx_word' id='word_1_216' title='bbox 579 2734 656 2794; x_wconf 79' lang='lat' dir='ltr'>adiit,</span> <span class='ocrx_word' id='word_1_217' title='bbox 669 2737 825 2801; x_wconf 78' lang='lat' dir='ltr'>miserataque</span> <span class='ocrx_word' id='word_1_218' title='bbox 833 2752 934 2801; x_wconf 75' lang='lat' dir='ltr'>nuptam</span> <span class='ocrx_word' id='word_1_219' title='bbox 942 2769 956 2798; x_wconf 63' lang='lat'>2</span> 
     </span>
     <span class='ocr_line' id='line_1_41' title="bbox 339 2809 944 2879; baseline 0.007 -19"><span class='ocrx_word' id='word_1_220' title='bbox 339 2809 419 2861; x_wconf 84' lang='lat' dir='ltr'>Naida</span> <span class='ocrx_word' id='word_1_221' title='bbox 434 2812 557 2863; x_wconf 76' lang='lat' dir='ltr'>Iuturnam</span> <span class='ocrx_word' id='word_1_222' title='bbox 568 2816 605 2863; x_wconf 90' lang='lat' dir='ltr'>vir</span> <span class='ocrx_word' id='word_1_223' title='bbox 615 2829 669 2863; x_wconf 88' lang='lat' dir='ltr'>tuus</span> <span class='ocrx_word' id='word_1_224' title='bbox 681 2847 690 2871; x_wconf 91' lang='lat'>,</span> <span class='ocrx_word' id='word_1_225' title='bbox 704 2815 798 2879; x_wconf 84' lang='lat' dir='ltr'>inquit,</span> <span class='ocrx_word' id='word_1_226' title='bbox 812 2830 887 2865; x_wconf 84' lang='lat' dir='ltr'>amat.</span> <span class='ocrx_word' id='word_1_227' title='bbox 909 2866 914 2872; x_wconf 67' lang='grc'><strong><em>,</em></strong></span> <span class='ocrx_word' id='word_1_228' title='bbox 936 2860 944 2871; x_wconf 73' lang='grc'><em>,</em></span> 
     </span>
    </p>
   </div>
   <div class='ocr_carea' id='block_1_12' title="bbox 307 2890 960 3115">
    <p class='ocr_par' dir='ltr' id='par_1_12' title="bbox 307 2890 960 3115">
     <span class='ocr_line' id='line_1_42' title="bbox 307 2890 957 2959; baseline 0.006 -20"><span class='ocrx_word' id='word_1_229' title='bbox 307 2890 414 2955; x_wconf 79' lang='lat' dir='ltr'>luppiter</span> <span class='ocrx_word' id='word_1_230' title='bbox 424 2893 539 2944; x_wconf 84' lang='lat' dir='ltr'>intumuit</span> <span class='ocrx_word' id='word_1_231' title='bbox 550 2910 557 2941; x_wconf 83' lang='lat' dir='ltr'>t</span> <span class='ocrx_word' id='word_1_232' title='bbox 569 2892 665 2959; x_wconf 74' lang='lat' dir='ltr'>quique</span> <span class='ocrx_word' id='word_1_233' title='bbox 675 2892 707 2941; x_wconf 82' lang='lat' dir='ltr'>eil</span> <span class='ocrx_word' id='word_1_234' title='bbox 716 2909 766 2941; x_wconf 89' lang='lat' dir='ltr'>non</span> <span class='ocrx_word' id='word_1_235' title='bbox 780 2894 820 2942; x_wconf 83' lang='lat' dir='ltr'>usa</span> <span class='ocrx_word' id='word_1_236' title='bbox 834 2890 957 2951; x_wconf 69' lang='lat' dir='ltr'>modeste.</span> 
     </span>
     <span class='ocr_line' id='line_1_43' title="bbox 341 2967 898 3036; baseline 0.011 -21"><span class='ocrx_word' id='word_1_237' title='bbox 341 2967 434 3032; x_wconf 83' lang='lat' dir='ltr'>Eripuit</span> <span class='ocrx_word' id='word_1_238' title='bbox 451 2968 557 3035; x_wconf 78' lang='lat' dir='ltr'>linguam</span> <span class='ocrx_word' id='word_1_239' title='bbox 569 2988 575 3018; x_wconf 72' lang='grc' dir='ltr'><strong><em>ε</em></strong></span> <span class='ocrx_word' id='word_1_240' title='bbox 588 2972 782 3036; x_wconf 85' lang='lat' dir='ltr'>Mercuriumque</span> <span class='ocrx_word' id='word_1_241' title='bbox 797 2986 898 3031; x_wconf 81' lang='lat' dir='ltr'>monet3</span> 
     </span>
     <span class='ocr_line' id='line_1_44' title="bbox 308 3045 960 3115; baseline -0.002 -14"><span class='ocrx_word' id='word_1_242' title='bbox 308 3046 385 3105; x_wconf 79' lang='lat' dir='ltr'>Dus,</span> <span class='ocrx_word' id='word_1_243' title='bbox 400 3050 451 3109; x_wconf 87' lang='lat' dir='ltr'>ait,</span> <span class='ocrx_word' id='word_1_244' title='bbox 463 3045 494 3099; x_wconf 87' lang='lat' dir='ltr'>ad</span> <span class='ocrx_word' id='word_1_245' title='bbox 503 3049 587 3101; x_wconf 84' lang='lat' dir='ltr'>Manes</span> <span class='ocrx_word' id='word_1_246' title='bbox 599 3067 605 3099; x_wconf 79' lang='lat' dir='ltr'>t</span> <span class='ocrx_word' id='word_1_247' title='bbox 617 3047 685 3107; x_wconf 87' lang='lat' dir='ltr'>lotus</span> <span class='ocrx_word' id='word_1_248' title='bbox 694 3049 736 3105; x_wconf 80' lang='lat' dir='ltr'>ille</span> <span class='ocrx_word' id='word_1_249' title='bbox 745 3048 869 3105; x_wconf 74' lang='lat' dir='ltr'>uleotilsus</span> <span class='ocrx_word' id='word_1_250' title='bbox 879 3063 960 3115; x_wconf 64' lang='lat' dir='ltr'>aptus,</span> 
     </span>
    </p>
   </div>
   <div class='ocr_carea' id='block_1_13' title="bbox 0 0 1168 3959">
    <p class='ocr_par' dir='ltr' id='par_1_13' title="bbox 0 0 1168 3959">
     <span class='ocr_line' id='line_1_45' title="bbox 0 0 1168 3959; baseline 0 0"><span class='ocrx_word' id='word_1_251' title='bbox 0 0 1168 3959; x_wconf 95' lang='lat' dir='ltr'> </span> 
     </span>
    </p>
   </div>
  </div>
 </body>
</html>
