2325 3959
327 364 734 466 Frromrrvrr.
839 377 908 448 403

180 487 275 539 Serere
290 488 436 551 controvers]
451 501 482 537 x.
499 486 540 537 Ex
553 487 739 538 Declamatiorre
750 485 835 535 Ovidii
848 502 912 551 qta-

128 564 204 611 dam
216 564 262 612 sraec
272 564 391 631 producit.
406 561 530 627 Quicquid
544 563 634 611 laboris
651 560 702 618 esi,
715 554 798 611 iohoc
815 558 866 617 est,
884 568 913 606 ut

129 637 222 685 uxori
240 636 335 697 virum,
352 636 445 685 &viro
459 652 578 689 uxorem.
595 635 699 702 diligere
716 634 847 684 concedas.
863 633 914 681 Ne·

130 726 148 757 c
156 706 213 757 esse
229 708 261 757 esi
272 708 375 770 deinde,
386 707 468 773 jurare
478 709 607 775 permittas
618 746 626 769 ,
637 708 747 757 ciamare
761 705 913 773 permiseris.

131 784 224 846 Quod
238 782 346 832 habuisse
362 798 408 831 nos
425 781 593 845 jusjurandum
605 783 692 847 putas?
707 781 749 829 Tu
759 781 831 831 nobis
849 781 912 828 reli·

133 854 244 921 giosrrm
254 872 346 905 nomen
354 854 424 904 suisti.
436 856 461 904 Si
472 856 650 911 mentiremur.
660 856 702 904 illa
711 854 759 905 sibi
771 856 859 903 iratum
868 870 911 917 pa·

135 942 214 977 trem
233 922 373 989 invocaris,
392 944 440 995 ego
460 928 581 979 socerum.
600 927 690 988 Parce,
709 938 781 993 pater
796 944 802 976 :
817 942 912 992 parce,

133 1003 236 1051 socer:
247 1019 297 1051 non
309 1001 484 1067 pejeravimus.
496 1002 561 1052 Ecce
573 1000 720 1067 objurgator
730 1000 813 1051 noster
822 1037 829 1061 ‚
838 1016 911 1065 quam

134 1074 270 1124 effrenato
280 1092 364 1125 amore
377 1076 473 1125 fertur!
486 1092 629 1142 quamquem
641 1075 689 1125 effe
699 1073 772 1124 filiam
782 1074 911 1139 preceris:

136 1164 231 1198 catum
248 1150 363 1215 quidem,
383 1148 447 1210 quod
461 1150 528 1199 ilium
546 1150 576 1199 ab
594 1148 746 1215 indulgentia
757 1148 799 1197 sua
809 1156 911 1196 avocet.

135 1220 179 1272 Dr
202 1223 277 1270 bom
273 1223 277 1254 '
298 1222 424 1288 quomodo
441 1222 482 1271 hic
496 1222 587 1271 amavit
603 1222 726 1271 uxorem?
740 1231 805 1270 emat
820 1210 912 1281 filiam,

137 1294 172 1347 &
186 1295 301 1345 abdicat.
313 1296 555 1360 doletpericlitatam
567 1292 633 1356 esse,
647 1294 673 1345 &
687 1296 717 1344 ab
739 1311 771 1344 eo
791 1292 910 1354 abducit,

137 1369 200 1418 sin„-
219 1386 269 1434 quo
291 1380 366 1435 negat
384 1368 408 1417 se
427 1367 495 1433 posse
516 1369 603 1418 vivere
621 1368 755 1433 :queritur
773 1366 912 1431 periculum

136 1440 217 1506 ejus,
232 1440 278 1505 qui
295 1456 362 1506 paene
377 1447 455 1491 caruit
468 1440 510 1491 hic
526 1444 567 1508 qui
580 1456 662 1491 amore
679 1442 750 1491 caute
766 1440 851 1505 jubete
865 1441 910 1488 fa·

138 1512 217 1563 cilitis
238 1515 263 1563 in
278 1530 363 1564 amore
383 1513 457 1564 finem
469 1517 607 1581 impetres,
622 1516 693 1580 quim
712 1514 810 1563 modum
830 1529 837 1561 ε
856 1524 909 1560 tum

118 1600 120 1603 ’
138 1589 193 1637 hos
210 1588 280 1652 ponis
296 1588 428 1643 terminos¹
444 1598 471 1637 ut
485 1589 546 1637 nihil
558 1587 661 1648 saciant,
676 1588 723 1637 nisi
734 1584 889 1637 considerate
900 1584 911 1644 ς’

114 1655 117 1661 ’
140 1662 206 1711 nihil
224 1659 383 1726 promitunt,
404 1662 451 1710 nisi
468 1672 495 1710 ut
508 1660 546 1726 jus
564 1658 667 1720 sasiuri3
683 1664 763 1711 omnia
779 1661 854 1709 verba
868 1676 908 1707 ra-

139 1736 216 1783 tione
229 1734 254 1784 &
264 1732 313 1782 fide
326 1734 474 1799 ponderent
489 1734 603 1784 Ser-res'
584 1752 619 1784 stc
632 1746 722 1787 amant
740 1732 820 1788 Pauca
832 1732 909 1795 nosti,
989 1724 992 1730 ¹

140 1818 232 1873 pater,
243 1808 363 1857 crimina:
375 1808 714 1892 &litigavimusaliquandm
726 1806 908 1863 &cecidimus3

140 1874 171 1931 ὅ(
191 1880 310 1951 sortasse,
328 1884 393 1951 quod
415 1896 466 1929 non
486 1892 573 1945 putas,
587 1881 773 1965 pejeravimur.
792 1880 858 1945 Quid
878 1880 909 1930 ad

141 1965 230 2021 patres
246 1955 371 2019 pertinet,
386 1952 452 2018 quod
464 1964 571 2002 amantes
586 1952 686 2017 jurent
683 1954 727 1986 Γ
707 1970 728 2002 sr
740 1955 776 2003 vis
787 1957 908 2015 credere,

141 2043 194 2078 nec
203 2028 231 2075 ad
243 2030 312 2078 Deos
323 2027 441 2093 pertinet.
456 2028 512 2075 Non
524 2026 558 2075 est
569 2027 636 2092 quod
647 2027 728 2076 tibi
705 2044 720 2093 p
731 2041 818 2108 accae,
831 2043 908 2087 uxor,

140 2113 266 2166 tamquam
278 2103 353 2167 prima
364 2102 527 2165 peccaveris:
539 2101 601 2167 perir
596 2102 614 2148 't
625 2096 704 2165 aliqui
714 2118 769 2149 cum
779 2098 849 2159 viro,
861 2116 909 2161 pe·

101 2174 187 2235 ,tiit
204 2176 284 2241 aliqua
301 2192 346 2241 pto
366 2174 446 2223 viro:
461 2174 515 2223 illas
527 2186 608 2224 tamen
622 2175 701 2223 omnis
718 2185 777 2225 aetas
797 2174 910 2223 honora·

142 2251 199 2309 bit,
214 2246 576 2313 omnecelebrabitingenium.
588 2235 636 2295 F‘er
644 2247 907 2310 ‚socer,sesicitatem

143 2334 227 2372 tuam:
242 2339 352 2389 magnum
364 2323 408 2370 tibi
420 2326 490 2385 quim
509 2338 586 2385 parvo
603 2323 695 2370 con-iat
708 2321 889 2385 exemplum!
882 2338 908 2370 tn

142 2397 265 2461 reliquum
283 2396 453 2461 diiigentiores
471 2395 526 2444 sassi
544 2396 624 2444 sumus
642 2411 649 2443 r
670 2410 780 2444 errorem
800 2394 908 2444 nostrum

143 2468 304 2520 corfitemur:
314 2469 439 2519 exc'cierat
449 2466 587 2529 jurantibus
597 2505 603 2523 ,
613 2466 662 2516 esse
670 2470 771 2518 tertium
780 2468 819 2535 qui
830 2468 907 2533 magis

143 2552 238 2591 amaret
250 2559 257 2591 r
268 2544 318 2599 sic,
332 2540 364 2591 Di
371 2576 379 2599 ,
390 2545 423 2591 sit
434 2540 546 2605 semper!
562 2543 710 2598 Persevera,
722 2542 794 2592 socer
803 2560 812 2599 ς
822 2542 909 2605 recipe

144 2615 218 2666 fitam
236 2632 243 2665 ε
260 2631 323 2681 ego,
342 2616 385 2681 qui
402 2616 517 2680 peccari.
535 2615 609 2679 poeni
621 2616 707 2681 dignus
727 2615 795 2663 sum:
812 2630 907 2680 quare,
940 2628 944 2635 ·

145 2706 222 2739 uxore
240 2689 345 2747 necati,
365 2689 453 2737 socero
470 2686 538 2737 causa
555 2690 601 2736 sim
624 2688 754 2738 orbitatis?
774 2687 906 2737 Discedam

144 2780 158 2811 e
168 2763 286 2812 civitate:
296 2764 386 2829 fugiam
396 2779 402 2810 :
412 2762 539 2811 exsulabo:
551 2772 683 2825 utcumque
695 2772 799 2825 potero,
810 2761 907 2809 deside·

145 2837 210 2886 rium
222 2834 309 2883 misera
320 2838 344 2884 ὅ(
355 2835 448 2883 crudeli
460 2836 578 2901 patientici
590 2833 723 2900 petieram.
740 2835 871 2892 Morem)
883 2832 906 2883 ti

146 2910 212 2961 solus
223 2910 356 2959 moriturus
369 2906 451 2957 essem.

182 3052 212 3104 In
231 3054 309 3105 codice
325 3054 496 3121 primariorum
514 3067 616 3103 veterum
632 3050 703 3121 lorgi
720 3053 904 3117 antiquissimo,
