<?xml version="1.0" encoding="UTF-8"?>
<!DOCTYPE html PUBLIC "-//W3C//DTD XHTML 1.0 Transitional//EN"
    "http://www.w3.org/TR/xhtml1/DTD/xhtml1-transitional.dtd">
<html xmlns="http://www.w3.org/1999/xhtml" xml:lang="en" lang="en">
 <head>
  <title>
</title>
<meta http-equiv="Content-Type" content="text/html;charset=utf-8" />
  <meta name='ocr-system' content='tesseract 3.04.00' />
  <meta name='ocr-capabilities' content='ocr_page ocr_carea ocr_par ocr_line ocrx_word'/>
</head>
<body>
  <div class='ocr_page' id='page_1' title='image "./povidiinasoniso02ovidgoog_0250.png"; bbox 0 0 2325 3959; ppageno 0'>
   <div class='ocr_carea' id='block_1_1' title="bbox 232 337 821 457">
    <p class='ocr_par' dir='ltr' id='par_1_1' title="bbox 232 337 821 457">
     <span class='ocr_line' id='line_1_1' title="bbox 232 337 821 457; baseline 0.002 -21"><span class='ocrx_word' id='word_1_1' title='bbox 232 376 297 457; x_wconf 85' lang='lat'>248</span> <span class='ocrx_word' id='word_1_2' title='bbox 373 370 417 439; x_wconf 92' lang='lat' dir='ltr'>P.</span> <span class='ocrx_word' id='word_1_3' title='bbox 451 337 607 439; x_wconf 76' lang='lat' dir='ltr'>Orrnrr</span> <span class='ocrx_word' id='word_1_4' title='bbox 626 374 821 441; x_wconf 76' lang='lat' dir='ltr'>NAsoms</span> 
     </span>
    </p>
   </div>
   <div class='ocr_carea' id='block_1_2' title="bbox 184 490 788 640">
    <p class='ocr_par' dir='ltr' id='par_1_2' title="bbox 184 490 788 640">
     <span class='ocr_line' id='line_1_2' title="bbox 184 490 775 556; baseline 0.005 -18"><span class='ocrx_word' id='word_1_5' title='bbox 184 496 193 539; x_wconf 87' lang='lat'>5</span> <span class='ocrx_word' id='word_1_6' title='bbox 198 492 213 524; x_wconf 84' lang='lat'><em>0</em></span> <span class='ocrx_word' id='word_1_7' title='bbox 264 490 329 539; x_wconf 88' lang='lat' dir='ltr'>Dum</span> <span class='ocrx_word' id='word_1_8' title='bbox 341 490 397 540; x_wconf 90' lang='lat' dir='ltr'>serit</span> <span class='ocrx_word' id='word_1_9' title='bbox 406 492 511 542; x_wconf 76' lang='lat' dir='ltr'>Ausonii</span> <span class='ocrx_word' id='word_1_10' title='bbox 522 496 627 544; x_wconf 80' lang='lat' dir='ltr'>carmina</span> <span class='ocrx_word' id='word_1_11' title='bbox 637 493 701 543; x_wconf 84' lang='lat' dir='ltr'>culta</span> <span class='ocrx_word' id='word_1_12' title='bbox 713 493 775 556; x_wconf 77' lang='lat' dir='ltr'>lyri.</span> 
     </span>
     <span class='ocr_line' id='line_1_3' title="bbox 232 567 788 640; baseline 0.009 -24"><span class='ocrx_word' id='word_1_13' title='bbox 232 567 421 640; x_wconf 35' lang='lat' dir='ltr'>Virgiliumlvidi</span> <span class='ocrx_word' id='word_1_14' title='bbox 434 571 541 619; x_wconf 81' lang='lat' dir='ltr'>tannim:</span> <span class='ocrx_word' id='word_1_15' title='bbox 551 588 594 621; x_wconf 88' lang='lat' dir='ltr'>nec</span> <span class='ocrx_word' id='word_1_16' title='bbox 606 588 675 621; x_wconf 83' lang='lat' dir='ltr'>avara</span> <span class='ocrx_word' id='word_1_17' title='bbox 686 572 788 621; x_wconf 85' lang='lat' dir='ltr'>Tibullo</span> 
     </span>
    </p>
   </div>
   <div class='ocr_carea' id='block_1_3' title="bbox 160 647 959 3136">
    <p class='ocr_par' dir='ltr' id='par_1_3' title="bbox 233 647 864 870">
     <span class='ocr_line' id='line_1_4' title="bbox 265 647 723 711; baseline 0.009 -18"><span class='ocrx_word' id='word_1_18' title='bbox 265 647 371 711; x_wconf 83' lang='lat' dir='ltr'>Tempus</span> <span class='ocrx_word' id='word_1_19' title='bbox 381 650 494 699; x_wconf 80' lang='lat' dir='ltr'>amicitiae</span> <span class='ocrx_word' id='word_1_20' title='bbox 505 649 553 697; x_wconf 83' lang='lat' dir='ltr'>fata</span> <span class='ocrx_word' id='word_1_21' title='bbox 562 647 648 698; x_wconf 78' lang='lat' dir='ltr'>dedire</span> <span class='ocrx_word' id='word_1_22' title='bbox 655 666 723 699; x_wconf 73' lang='lat' dir='ltr'>ntea.</span> 
     </span>
     <span class='ocr_line' id='line_1_5' title="bbox 233 721 836 792; baseline 0.002 -20"><span class='ocrx_word' id='word_1_23' title='bbox 233 721 355 772; x_wconf 78' lang='lat' dir='ltr'>Successor</span> <span class='ocrx_word' id='word_1_24' title='bbox 364 724 411 774; x_wconf 84' lang='lat' dir='ltr'>suit</span> <span class='ocrx_word' id='word_1_25' title='bbox 420 727 458 779; x_wconf 88' lang='lat' dir='ltr'>hic</span> <span class='ocrx_word' id='word_1_26' title='bbox 470 728 531 786; x_wconf 85' lang='lat' dir='ltr'>tibi,</span> <span class='ocrx_word' id='word_1_27' title='bbox 543 727 613 777; x_wconf 84' lang='lat' dir='ltr'>Galle</span> <span class='ocrx_word' id='word_1_28' title='bbox 623 745 630 785; x_wconf 80' lang='lat'>3</span> <span class='ocrx_word' id='word_1_29' title='bbox 644 724 836 792; x_wconf 71' lang='lat' dir='ltr'>Propertiusjlli.</span> 
     </span>
     <span class='ocr_line' id='line_1_6' title="bbox 266 802 864 870; baseline 0.01 -19"><span class='ocrx_word' id='word_1_30' title='bbox 266 802 370 862; x_wconf 81' lang='lat' dir='ltr'><strong>Quartus</strong></span> <span class='ocrx_word' id='word_1_31' title='bbox 381 804 410 852; x_wconf 94' lang='lat' dir='ltr'>ab</span> <span class='ocrx_word' id='word_1_32' title='bbox 421 806 457 853; x_wconf 77' lang='lat' dir='ltr'>his</span> <span class='ocrx_word' id='word_1_33' title='bbox 468 806 526 866; x_wconf 78' lang='lat' dir='ltr'>serie</span> <span class='ocrx_word' id='word_1_34' title='bbox 537 809 652 869; x_wconf 85' lang='lat' dir='ltr'>temporis</span> <span class='ocrx_word' id='word_1_35' title='bbox 663 809 712 870; x_wconf 89' lang='lat' dir='ltr'>ipse</span> <span class='ocrx_word' id='word_1_36' title='bbox 722 805 766 854; x_wconf 84' lang='lat' dir='ltr'>fui.</span> <span class='ocrx_word' id='word_1_37' title='bbox 855 850 864 860; x_wconf 78' lang='grc'>,.</span> 
     </span>
    </p>

    <p class='ocr_par' dir='ltr' id='par_1_4' title="bbox 188 879 839 1104">
     <span class='ocr_line' id='line_1_7' title="bbox 188 879 839 948; baseline 0.006 -23"><span class='ocrx_word' id='word_1_38' title='bbox 188 882 197 925; x_wconf 81' lang='lat'><em>5</em></span> <span class='ocrx_word' id='word_1_39' title='bbox 204 880 214 930; x_wconf 82' lang='lat'><em>5</em></span> <span class='ocrx_word' id='word_1_40' title='bbox 235 879 317 945; x_wconf 88' lang='lat' dir='ltr'>thue</span> <span class='ocrx_word' id='word_1_41' title='bbox 328 897 374 946; x_wconf 84' lang='lat' dir='ltr'>ego</span> <span class='ocrx_word' id='word_1_42' title='bbox 385 886 501 948; x_wconf 86' lang='lat' dir='ltr'>majores,</span> <span class='ocrx_word' id='word_1_43' title='bbox 515 886 548 931; x_wconf 83' lang='lat' dir='ltr'>sic</span> <span class='ocrx_word' id='word_1_44' title='bbox 560 901 600 943; x_wconf 80' lang='lat' dir='ltr'>me</span> <span class='ocrx_word' id='word_1_45' title='bbox 610 884 705 932; x_wconf 87' lang='lat' dir='ltr'>coluere</span> <span class='ocrx_word' id='word_1_46' title='bbox 719 886 839 932; x_wconf 78' lang='lat' dir='ltr'>minoreee</span> 
     </span>
     <span class='ocr_line' id='line_1_8' title="bbox 267 958 808 1025; baseline 0.004 -18"><span class='ocrx_word' id='word_1_47' title='bbox 267 958 381 1025; x_wconf 90' lang='lat' dir='ltr'>Notaque</span> <span class='ocrx_word' id='word_1_48' title='bbox 391 978 442 1010; x_wconf 89' lang='lat' dir='ltr'>non</span> <span class='ocrx_word' id='word_1_49' title='bbox 451 960 520 1022; x_wconf 73' lang='lat' dir='ltr'>tardi</span> <span class='ocrx_word' id='word_1_50' title='bbox 531 962 592 1012; x_wconf 72' lang='lat' dir='ltr'>fasta</span> <span class='ocrx_word' id='word_1_51' title='bbox 603 962 690 1013; x_wconf 83' lang='lat' dir='ltr'>Thalia</span> <span class='ocrx_word' id='word_1_52' title='bbox 701 980 753 1014; x_wconf 87' lang='lat' dir='ltr'>mea</span> <span class='ocrx_word' id='word_1_53' title='bbox 768 962 808 1011; x_wconf 86' lang='lat' dir='ltr'>est.</span> 
     </span>
     <span class='ocr_line' id='line_1_9' title="bbox 235 1033 838 1104; baseline 0 -19"><span class='ocrx_word' id='word_1_54' title='bbox 235 1033 351 1085; x_wconf 89' lang='lat' dir='ltr'>Carmina</span> <span class='ocrx_word' id='word_1_55' title='bbox 361 1036 417 1085; x_wconf 82' lang='lat' dir='ltr'>crim</span> <span class='ocrx_word' id='word_1_56' title='bbox 427 1037 532 1103; x_wconf 81' lang='lat' dir='ltr'>primdm</span> <span class='ocrx_word' id='word_1_57' title='bbox 543 1040 635 1103; x_wconf 83' lang='lat' dir='ltr'>populo</span> <span class='ocrx_word' id='word_1_58' title='bbox 646 1039 761 1104; x_wconf 85' lang='lat' dir='ltr'>juvenilia</span> <span class='ocrx_word' id='word_1_59' title='bbox 766 1038 838 1102; x_wconf 81' lang='lat' dir='ltr'>legi,</span> 
     </span>
    </p>

    <p class='ocr_par' dir='ltr' id='par_1_5' title="bbox 160 1114 959 3136">
     <span class='ocr_line' id='line_1_10' title="bbox 267 1114 776 1169; baseline 0.006 -7"><span class='ocrx_word' id='word_1_60' title='bbox 267 1114 343 1164; x_wconf 85' lang='lat' dir='ltr'>Barba</span> <span class='ocrx_word' id='word_1_61' title='bbox 358 1118 444 1165; x_wconf 64' lang='lat' dir='ltr'>reseda</span> <span class='ocrx_word' id='word_1_62' title='bbox 452 1119 517 1165; x_wconf 88' lang='lat' dir='ltr'>mihi</span> <span class='ocrx_word' id='word_1_63' title='bbox 529 1118 594 1167; x_wconf 76' lang='lat' dir='ltr'>bisve</span> <span class='ocrx_word' id='word_1_64' title='bbox 604 1119 706 1169; x_wconf 80' lang='lat' dir='ltr'>semelve</span> <span class='ocrx_word' id='word_1_65' title='bbox 722 1118 776 1166; x_wconf 88' lang='lat' dir='ltr'>fuir.</span> 
     </span>
     <span class='ocr_line' id='line_1_11' title="bbox 236 1193 854 1259; baseline 0.002 -20"><span class='ocrx_word' id='word_1_66' title='bbox 236 1193 348 1242; x_wconf 82' lang='lat' dir='ltr'>Moverat</span> <span class='ocrx_word' id='word_1_67' title='bbox 359 1196 497 1258; x_wconf 80' lang='lat' dir='ltr'>ingenium,</span> <span class='ocrx_word' id='word_1_68' title='bbox 509 1210 586 1245; x_wconf 89' lang='lat' dir='ltr'>totam</span> <span class='ocrx_word' id='word_1_69' title='bbox 597 1211 692 1247; x_wconf 81' lang='lat' dir='ltr'>cantata</span> <span class='ocrx_word' id='word_1_70' title='bbox 703 1212 743 1259; x_wconf 89' lang='lat' dir='ltr'>per</span> <span class='ocrx_word' id='word_1_71' title='bbox 753 1194 854 1252; x_wconf 82' lang='lat' dir='ltr'>urbem,</span> 
     </span>
     <span class='ocr_line' id='line_1_12' title="bbox 190 1268 776 1331; baseline 0.005 -14"><span class='ocrx_word' id='word_1_72' title='bbox 190 1271 221 1307; x_wconf 80' lang='lat'>‘0</span> <span class='ocrx_word' id='word_1_73' title='bbox 271 1268 377 1319; x_wconf 85' lang='lat' dir='ltr'>Nomine</span> <span class='ocrx_word' id='word_1_74' title='bbox 387 1287 437 1319; x_wconf 89' lang='lat' dir='ltr'>non</span> <span class='ocrx_word' id='word_1_75' title='bbox 447 1288 504 1331; x_wconf 75' lang='lat' dir='ltr'>vero</span> <span class='ocrx_word' id='word_1_76' title='bbox 515 1271 577 1324; x_wconf 66' lang='lat' dir='ltr'>diat</span> <span class='ocrx_word' id='word_1_77' title='bbox 588 1272 698 1323; x_wconf 84' lang='lat' dir='ltr'>Corinna</span> <span class='ocrx_word' id='word_1_78' title='bbox 706 1274 776 1321; x_wconf 88' lang='lat' dir='ltr'>mihi.</span> 
     </span>
     <span class='ocr_line' id='line_1_13' title="bbox 238 1346 858 1416; baseline 0.005 -21"><span class='ocrx_word' id='word_1_79' title='bbox 238 1346 319 1395; x_wconf 88' lang='lat' dir='ltr'>Multa</span> <span class='ocrx_word' id='word_1_80' title='bbox 329 1348 428 1412; x_wconf 87' lang='lat' dir='ltr'>quidem</span> <span class='ocrx_word' id='word_1_81' title='bbox 440 1351 536 1415; x_wconf 78' lang='lat' dir='ltr'>scripsi3</span> <span class='ocrx_word' id='word_1_82' title='bbox 547 1349 588 1400; x_wconf 87' lang='lat' dir='ltr'>sed</span> <span class='ocrx_word' id='word_1_83' title='bbox 599 1368 650 1416; x_wconf 82' lang='lat' dir='ltr'>quae</span> <span class='ocrx_word' id='word_1_84' title='bbox 661 1352 746 1403; x_wconf 86' lang='lat' dir='ltr'>vitiosa</span> <span class='ocrx_word' id='word_1_85' title='bbox 757 1348 858 1414; x_wconf 85' lang='lat' dir='ltr'>putavi,</span> 
     </span>
     <span class='ocr_line' id='line_1_14' title="bbox 272 1423 707 1493; baseline 0.014 -21"><span class='ocrx_word' id='word_1_86' title='bbox 272 1423 439 1475; x_wconf 84' lang='lat' dir='ltr'>Emendaturis</span> <span class='ocrx_word' id='word_1_87' title='bbox 449 1430 544 1491; x_wconf 83' lang='lat' dir='ltr'>ignibus</span> <span class='ocrx_word' id='word_1_88' title='bbox 553 1430 603 1493; x_wconf 90' lang='lat' dir='ltr'>ipse</span> <span class='ocrx_word' id='word_1_89' title='bbox 614 1426 679 1478; x_wconf 87' lang='lat' dir='ltr'>dedi.</span> <span class='ocrx_word' id='word_1_90' title='bbox 702 1459 707 1464; x_wconf 84' lang='lat'><strong><em>—</em></strong></span> 
     </span>
     <span class='ocr_line' id='line_1_15' title="bbox 160 1502 959 1573; baseline 0.006 -25"><span class='ocrx_word' id='word_1_91' title='bbox 160 1517 161 1522; x_wconf 51' lang='lat'>¹</span> <span class='ocrx_word' id='word_1_92' title='bbox 240 1502 263 1549; x_wconf 90' lang='lat' dir='ltr'>T</span> <span class='ocrx_word' id='word_1_93' title='bbox 265 1504 959 1573; x_wconf 81' lang='lat' dir='ltr'>umquoque,&#39;crimsugerem,quaedamplacituracremavi</span> 
     </span>
     <span class='ocr_line' id='line_1_16' title="bbox 274 1579 723 1650; baseline 0.018 -24"><span class='ocrx_word' id='word_1_94' title='bbox 274 1580 348 1627; x_wconf 82' lang='lat' dir='ltr'>iratus</span> <span class='ocrx_word' id='word_1_95' title='bbox 359 1579 437 1648; x_wconf 84' lang='lat' dir='ltr'>studio</span> <span class='ocrx_word' id='word_1_96' title='bbox 450 1585 643 1650; x_wconf 82' lang='lat' dir='ltr'>carminibusque</span> <span class='ocrx_word' id='word_1_97' title='bbox 653 1586 723 1634; x_wconf 76' lang='lat' dir='ltr'>mels.</span> 
     </span>
     <span class='ocr_line' id='line_1_17' title="bbox 194 1657 800 1728; baseline 0.007 -21"><span class='ocrx_word' id='word_1_98' title='bbox 194 1659 221 1711; x_wconf 78' lang='lat'>⁶5</span> <span class='ocrx_word' id='word_1_99' title='bbox 241 1657 335 1717; x_wconf 78' lang='lat' dir='ltr'>Molle,</span> <span class='ocrx_word' id='word_1_100' title='bbox 347 1657 542 1723; x_wconf 83' lang='lat' dir='ltr'>Cupidineisnec</span> <span class='ocrx_word' id='word_1_101' title='bbox 553 1662 736 1728; x_wconf 80' lang='lat' dir='ltr'>inexpugnabile</span> <span class='ocrx_word' id='word_1_102' title='bbox 747 1663 800 1712; x_wconf 86' lang='lat' dir='ltr'>tells</span> 
     </span>
     <span class='ocr_line' id='line_1_18' title="bbox 273 1734 899 1805; baseline -0.002 -17"><span class='ocrx_word' id='word_1_103' title='bbox 273 1734 326 1785; x_wconf 87' lang='lat' dir='ltr'>Cor</span> <span class='ocrx_word' id='word_1_104' title='bbox 343 1738 403 1784; x_wconf 88' lang='lat' dir='ltr'>mihi</span> <span class='ocrx_word' id='word_1_105' title='bbox 409 1769 419 1797; x_wconf 87' lang='lat'><em>‚</em></span> <span class='ocrx_word' id='word_1_106' title='bbox 430 1738 543 1805; x_wconf 78' lang='lat' dir='ltr'>quodque</span> <span class='ocrx_word' id='word_1_107' title='bbox 554 1740 697 1793; x_wconf 72' lang='lat' dir='ltr'>levistausa-</span> <span class='ocrx_word' id='word_1_108' title='bbox 705 1756 827 1801; x_wconf 83' lang='lat' dir='ltr'>moveret,</span> <span class='ocrx_word' id='word_1_109' title='bbox 840 1755 899 1789; x_wconf 85' lang='lat' dir='ltr'>erat.</span> 
     </span>
     <span class='ocr_line' id='line_1_19' title="bbox 243 1813 959 1885; baseline 0.003 -22"><span class='ocrx_word' id='word_1_110' title='bbox 243 1813 308 1863; x_wconf 80' lang='lat' dir='ltr'>Crim</span> <span class='ocrx_word' id='word_1_111' title='bbox 317 1827 397 1862; x_wconf 89' lang='lat' dir='ltr'>tamen</span> <span class='ocrx_word' id='word_1_112' title='bbox 408 1818 455 1864; x_wconf 85' lang='lat' dir='ltr'>hoc</span> <span class='ocrx_word' id='word_1_113' title='bbox 466 1814 554 1879; x_wconf 77' lang='lat' dir='ltr'>essem,</span> <span class='ocrx_word' id='word_1_114' title='bbox 570 1821 721 1885; x_wconf 87' lang='lat' dir='ltr'>minimoque</span> <span class='ocrx_word' id='word_1_115' title='bbox 736 1816 874 1867; x_wconf 86' lang='lat' dir='ltr'>accenderer</span> <span class='ocrx_word' id='word_1_116' title='bbox 889 1818 959 1882; x_wconf 78' lang='lat' dir='ltr'>igni,</span> 
     </span>
     <span class='ocr_line' id='line_1_20' title="bbox 277 1892 760 1946; baseline 0.012 -6"><span class='ocrx_word' id='word_1_117' title='bbox 277 1892 384 1941; x_wconf 87' lang='lat' dir='ltr'>Nomine</span> <span class='ocrx_word' id='word_1_118' title='bbox 395 1896 437 1942; x_wconf 93' lang='lat' dir='ltr'>sub</span> <span class='ocrx_word' id='word_1_119' title='bbox 447 1895 528 1945; x_wconf 86' lang='lat' dir='ltr'>nostro</span> <span class='ocrx_word' id='word_1_120' title='bbox 539 1896 621 1946; x_wconf 77' lang='lat' dir='ltr'>fabula</span> <span class='ocrx_word' id='word_1_121' title='bbox 629 1898 695 1946; x_wconf 85' lang='lat' dir='ltr'>nulla</span> <span class='ocrx_word' id='word_1_122' title='bbox 706 1897 760 1946; x_wconf 89' lang='lat' dir='ltr'>fuit.</span> 
     </span>
     <span class='ocr_line' id='line_1_21' title="bbox 244 1972 865 2040; baseline 0.008 -22"><span class='ocrx_word' id='word_1_123' title='bbox 244 1972 313 2024; x_wconf 75' lang='lat' dir='ltr'>Paene</span> <span class='ocrx_word' id='word_1_124' title='bbox 327 1974 386 2021; x_wconf 91' lang='lat' dir='ltr'>mihi</span> <span class='ocrx_word' id='word_1_125' title='bbox 398 1992 488 2040; x_wconf 85' lang='lat' dir='ltr'>puero,</span> <span class='ocrx_word' id='word_1_126' title='bbox 501 1991 545 2024; x_wconf 90' lang='lat' dir='ltr'>nec</span> <span class='ocrx_word' id='word_1_127' title='bbox 556 1973 645 2039; x_wconf 81' lang='lat' dir='ltr'>digna,</span> <span class='ocrx_word' id='word_1_128' title='bbox 656 1991 700 2024; x_wconf 89' lang='lat' dir='ltr'>nec</span> <span class='ocrx_word' id='word_1_129' title='bbox 710 1975 775 2024; x_wconf 85' lang='lat' dir='ltr'>utilis</span> <span class='ocrx_word' id='word_1_130' title='bbox 786 2010 794 2035; x_wconf 89' lang='lat'>,</span> <span class='ocrx_word' id='word_1_131' title='bbox 805 1991 865 2023; x_wconf 89' lang='lat' dir='ltr'>uxor</span> 
     </span>
     <span class='ocr_line' id='line_1_22' title="bbox 197 2052 829 2120; baseline -0.003 -17"><span class='ocrx_word' id='word_1_132' title='bbox 197 2062 228 2103; x_wconf 82' lang='lat'>70</span> <span class='ocrx_word' id='word_1_133' title='bbox 277 2057 317 2106; x_wconf 86' lang='lat' dir='ltr'>Est</span> <span class='ocrx_word' id='word_1_134' title='bbox 328 2055 396 2105; x_wconf 87' lang='lat' dir='ltr'>data:</span> <span class='ocrx_word' id='word_1_135' title='bbox 406 2070 459 2120; x_wconf 71' lang='lat' dir='ltr'>quae</span> <span class='ocrx_word' id='word_1_136' title='bbox 470 2069 563 2118; x_wconf 81' lang='lat' dir='ltr'>tempus</span> <span class='ocrx_word' id='word_1_137' title='bbox 570 2054 682 2117; x_wconf 86' lang='lat' dir='ltr'>perbreve</span> <span class='ocrx_word' id='word_1_138' title='bbox 692 2068 766 2117; x_wconf 87' lang='lat' dir='ltr'>nupta</span> <span class='ocrx_word' id='word_1_139' title='bbox 775 2052 829 2101; x_wconf 88' lang='lat' dir='ltr'>fuit.</span> 
     </span>
     <span class='ocr_line' id='line_1_23' title="bbox 245 2133 851 2200; baseline -0.007 -17"><span class='ocrx_word' id='word_1_140' title='bbox 245 2136 284 2183; x_wconf 83' lang='lat' dir='ltr'>llii</span> <span class='ocrx_word' id='word_1_141' title='bbox 297 2136 423 2193; x_wconf 77' lang='lat' dir='ltr'>successit,</span> <span class='ocrx_word' id='word_1_142' title='bbox 433 2134 543 2200; x_wconf 81' lang='lat' dir='ltr'>quamvis</span> <span class='ocrx_word' id='word_1_143' title='bbox 554 2134 604 2179; x_wconf 82' lang='lat' dir='ltr'>sine</span> <span class='ocrx_word' id='word_1_144' title='bbox 616 2133 716 2180; x_wconf 85' lang='lat' dir='ltr'>crimine</span> <span class='ocrx_word' id='word_1_145' title='bbox 727 2165 734 2189; x_wconf 93' lang='lat'><strong><em>‚</em></strong></span> <span class='ocrx_word' id='word_1_146' title='bbox 747 2134 851 2196; x_wconf 74' lang='lat' dir='ltr'>conjux,</span> 
     </span>
     <span class='ocr_line' id='line_1_24' title="bbox 278 2208 799 2265; baseline -0.008 -4"><span class='ocrx_word' id='word_1_147' title='bbox 278 2212 336 2261; x_wconf 90' lang='lat' dir='ltr'>Non</span> <span class='ocrx_word' id='word_1_148' title='bbox 348 2228 426 2261; x_wconf 87' lang='lat' dir='ltr'>tamen</span> <span class='ocrx_word' id='word_1_149' title='bbox 438 2214 463 2258; x_wconf 92' lang='lat' dir='ltr'>in</span> <span class='ocrx_word' id='word_1_150' title='bbox 473 2209 553 2258; x_wconf 88' lang='lat' dir='ltr'>nostro</span> <span class='ocrx_word' id='word_1_151' title='bbox 564 2208 633 2265; x_wconf 82' lang='lat' dir='ltr'>firma</span> <span class='ocrx_word' id='word_1_152' title='bbox 644 2208 724 2258; x_wconf 85' lang='lat' dir='ltr'>futura</span> <span class='ocrx_word' id='word_1_153' title='bbox 734 2224 799 2257; x_wconf 86' lang='lat' dir='ltr'>torn.</span> 
     </span>
     <span class='ocr_line' id='line_1_25' title="bbox 246 2288 875 2355; baseline -0.005 -15"><span class='ocrx_word' id='word_1_154' title='bbox 246 2292 357 2349; x_wconf 85' lang='lat' dir='ltr'>Ultima,</span> <span class='ocrx_word' id='word_1_155' title='bbox 369 2306 421 2355; x_wconf 82' lang='lat' dir='ltr'>quae</span> <span class='ocrx_word' id='word_1_156' title='bbox 432 2303 527 2340; x_wconf 83' lang='lat' dir='ltr'>mecum</span> <span class='ocrx_word' id='word_1_157' title='bbox 539 2288 602 2335; x_wconf 87' lang='lat' dir='ltr'>seros</span> <span class='ocrx_word' id='word_1_158' title='bbox 610 2290 740 2351; x_wconf 87' lang='lat' dir='ltr'>permansit</span> <span class='ocrx_word' id='word_1_159' title='bbox 749 2290 775 2337; x_wconf 89' lang='lat' dir='ltr'>in</span> <span class='ocrx_word' id='word_1_160' title='bbox 785 2303 875 2347; x_wconf 83' lang='lat' dir='ltr'>anuos,</span> 
     </span>
     <span class='ocr_line' id='line_1_26' title="bbox 214 2362 706 2431; baseline -0.01 -13"><span class='ocrx_word' id='word_1_161' title='bbox 214 2369 224 2388; x_wconf 71' lang='lat'>²</span> <span class='ocrx_word' id='word_1_162' title='bbox 279 2370 392 2417; x_wconf 89' lang='lat' dir='ltr'>Sustinuit</span> <span class='ocrx_word' id='word_1_163' title='bbox 403 2371 490 2431; x_wconf 83' lang='lat' dir='ltr'>conjux</span> <span class='ocrx_word' id='word_1_164' title='bbox 501 2365 585 2413; x_wconf 85' lang='lat' dir='ltr'>exsulis</span> <span class='ocrx_word' id='word_1_165' title='bbox 596 2362 642 2413; x_wconf 85' lang='lat' dir='ltr'>elle</span> <span class='ocrx_word' id='word_1_166' title='bbox 653 2369 706 2415; x_wconf 89' lang='lat' dir='ltr'>viri.</span> 
     </span>
     <span class='ocr_line' id='line_1_27' title="bbox 198 2441 783 2511; baseline -0.002 -17"><span class='ocrx_word' id='word_1_167' title='bbox 198 2449 227 2496; x_wconf 88' lang='lat'>75</span> <span class='ocrx_word' id='word_1_168' title='bbox 249 2449 308 2497; x_wconf 83' lang='lat' dir='ltr'>Filia</span> <span class='ocrx_word' id='word_1_169' title='bbox 316 2449 351 2495; x_wconf 78' lang='lat' dir='ltr'>bis</span> <span class='ocrx_word' id='word_1_170' title='bbox 359 2444 436 2511; x_wconf 75' lang='lat' dir='ltr'>primi</span> <span class='ocrx_word' id='word_1_171' title='bbox 446 2460 499 2492; x_wconf 85' lang='lat' dir='ltr'>mea</span> <span class='ocrx_word' id='word_1_172' title='bbox 507 2460 546 2491; x_wconf 90' lang='lat' dir='ltr'>me</span> <span class='ocrx_word' id='word_1_173' title='bbox 557 2441 658 2492; x_wconf 87' lang='lat' dir='ltr'>fecunda</span> <span class='ocrx_word' id='word_1_174' title='bbox 669 2444 783 2508; x_wconf 71' lang='lat' dir='ltr'>juventi,</span> 
     </span>
     <span class='ocr_line' id='line_1_28' title="bbox 282 2522 776 2586; baseline -0.006 -12"><span class='ocrx_word' id='word_1_175' title='bbox 282 2523 328 2574; x_wconf 87' lang='lat' dir='ltr'>Sed</span> <span class='ocrx_word' id='word_1_176' title='bbox 337 2540 387 2574; x_wconf 80' lang='lat' dir='ltr'>nnn</span> <span class='ocrx_word' id='word_1_177' title='bbox 398 2540 426 2573; x_wconf 82' lang='lat' dir='ltr'>ex</span> <span class='ocrx_word' id='word_1_178' title='bbox 437 2539 486 2571; x_wconf 90' lang='lat' dir='ltr'>uno</span> <span class='ocrx_word' id='word_1_179' title='bbox 497 2525 614 2586; x_wconf 81' lang='lat' dir='ltr'>conjuge,</span> <span class='ocrx_word' id='word_1_180' title='bbox 627 2522 685 2571; x_wconf 87' lang='lat' dir='ltr'>fecit</span> <span class='ocrx_word' id='word_1_181' title='bbox 696 2539 776 2572; x_wconf 85' lang='lat' dir='ltr'>avum.</span> 
     </span>
     <span class='ocr_line' id='line_1_29' title="bbox 250 2598 858 2669; baseline -0.003 -18"><span class='ocrx_word' id='word_1_182' title='bbox 250 2604 281 2652; x_wconf 85' lang='lat' dir='ltr'>Er</span> <span class='ocrx_word' id='word_1_183' title='bbox 289 2608 339 2669; x_wconf 72' lang='lat' dir='ltr'>iam</span> <span class='ocrx_word' id='word_1_184' title='bbox 351 2599 482 2666; x_wconf 73' lang='lat' dir='ltr'>complirat</span> <span class='ocrx_word' id='word_1_185' title='bbox 492 2602 587 2663; x_wconf 80' lang='lat' dir='ltr'>genitor</span> <span class='ocrx_word' id='word_1_186' title='bbox 595 2600 635 2647; x_wconf 86' lang='lat' dir='ltr'>sua</span> <span class='ocrx_word' id='word_1_187' title='bbox 646 2598 712 2659; x_wconf 83' lang='lat' dir='ltr'>sata,</span> <span class='ocrx_word' id='word_1_188' title='bbox 723 2616 858 2667; x_wconf 85' lang='lat' dir='ltr'>novemque</span> 
     </span>
     <span class='ocr_line' id='line_1_30' title="bbox 283 2676 768 2730; baseline -0.008 0"><span class='ocrx_word' id='word_1_189' title='bbox 283 2678 415 2730; x_wconf 84' lang='lat' dir='ltr'>Addiderat</span> <span class='ocrx_word' id='word_1_190' title='bbox 425 2677 500 2726; x_wconf 81' lang='lat' dir='ltr'>lustris</span> <span class='ocrx_word' id='word_1_191' title='bbox 509 2677 582 2726; x_wconf 88' lang='lat' dir='ltr'>altera</span> <span class='ocrx_word' id='word_1_192' title='bbox 593 2676 663 2726; x_wconf 90' lang='lat' dir='ltr'>lustra</span> <span class='ocrx_word' id='word_1_193' title='bbox 670 2694 768 2727; x_wconf 84' lang='lat' dir='ltr'>novem.</span> 
     </span>
     <span class='ocr_line' id='line_1_31' title="bbox 252 2753 842 2821; baseline -0.007 -12"><span class='ocrx_word' id='word_1_194' title='bbox 252 2760 310 2809; x_wconf 91' lang='lat' dir='ltr'>Non</span> <span class='ocrx_word' id='word_1_195' title='bbox 320 2759 387 2807; x_wconf 87' lang='lat' dir='ltr'>aliter</span> <span class='ocrx_word' id='word_1_196' title='bbox 395 2756 465 2816; x_wconf 77' lang='lat' dir='ltr'>flevi,</span> <span class='ocrx_word' id='word_1_197' title='bbox 474 2755 548 2821; x_wconf 70' lang='lat' dir='ltr'>quim</span> <span class='ocrx_word' id='word_1_198' title='bbox 560 2772 599 2804; x_wconf 92' lang='lat' dir='ltr'>me</span> <span class='ocrx_word' id='word_1_199' title='bbox 610 2754 707 2804; x_wconf 84' lang='lat' dir='ltr'>fleturus</span> <span class='ocrx_word' id='word_1_200' title='bbox 719 2753 842 2815; x_wconf 85' lang='lat' dir='ltr'>ademtum</span> 
     </span>
     <span class='ocr_line' id='line_1_32' title="bbox 199 2828 741 2899; baseline -0.009 -13"><span class='ocrx_word' id='word_1_201' title='bbox 199 2828 237 2873; x_wconf 61' lang='lat'>&#39;⁸0</span> <span class='ocrx_word' id='word_1_202' title='bbox 286 2838 330 2885; x_wconf 87' lang='lat' dir='ltr'>llle</span> <span class='ocrx_word' id='word_1_203' title='bbox 341 2836 387 2885; x_wconf 88' lang='lat' dir='ltr'>fuit</span> <span class='ocrx_word' id='word_1_204' title='bbox 399 2854 405 2885; x_wconf 79' lang='lat' dir='ltr'>t</span> <span class='ocrx_word' id='word_1_205' title='bbox 416 2838 486 2889; x_wconf 83' lang='lat' dir='ltr'>matri</span> <span class='ocrx_word' id='word_1_206' title='bbox 497 2837 606 2899; x_wconf 81' lang='lat' dir='ltr'>proxima</span> <span class='ocrx_word' id='word_1_207' title='bbox 618 2833 676 2896; x_wconf 74' lang='lat' dir='ltr'>justa</span> <span class='ocrx_word' id='word_1_208' title='bbox 688 2834 741 2881; x_wconf 83' lang='lat' dir='ltr'>tuli.</span> 
     </span>
     <span class='ocr_line' id='line_1_33' title="bbox 254 2909 749 2976; baseline -0.01 -13"><span class='ocrx_word' id='word_1_209' title='bbox 254 2914 344 2964; x_wconf 78' lang='lat' dir='ltr'>felices</span> <span class='ocrx_word' id='word_1_210' title='bbox 353 2914 442 2971; x_wconf 84' lang='lat' dir='ltr'>ambo,</span> <span class='ocrx_word' id='word_1_211' title='bbox 452 2909 635 2976; x_wconf 60' lang='lat' dir='ltr'>tempestivdqw</span> <span class='ocrx_word' id='word_1_212' title='bbox 647 2910 731 2975; x_wconf 91' lang='lat' dir='ltr'>sepulti</span> <span class='ocrx_word' id='word_1_213' title='bbox 741 2944 749 2969; x_wconf 92' lang='lat'>‚</span> 
     </span>
     <span class='ocr_line' id='line_1_34' title="bbox 287 2986 774 3055; baseline -0.012 -14"><span class='ocrx_word' id='word_1_214' title='bbox 287 2994 349 3041; x_wconf 82' lang='lat' dir='ltr'>llnre</span> <span class='ocrx_word' id='word_1_215' title='bbox 360 2989 424 3040; x_wconf 92' lang='lat' dir='ltr'>diem</span> <span class='ocrx_word' id='word_1_216' title='bbox 437 3005 513 3055; x_wconf 81' lang='lat' dir='ltr'>pennae</span> <span class='ocrx_word' id='word_1_217' title='bbox 525 2986 592 3055; x_wconf 87' lang='lat' dir='ltr'>quod</span> <span class='ocrx_word' id='word_1_218' title='bbox 603 2990 691 3053; x_wconf 89' lang='lat' dir='ltr'>periere</span> <span class='ocrx_word' id='word_1_219' title='bbox 703 2987 774 3036; x_wconf 82' lang='lat' dir='ltr'>merei</span> 
     </span>
     <span class='ocr_line' id='line_1_35' title="bbox 258 3062 896 3136; baseline -0.016 -15"><span class='ocrx_word' id='word_1_220' title='bbox 258 3072 299 3121; x_wconf 88' lang='lat' dir='ltr'>Me</span> <span class='ocrx_word' id='word_1_221' title='bbox 309 3085 402 3136; x_wconf 90' lang='lat' dir='ltr'>quoque</span> <span class='ocrx_word' id='word_1_222' title='bbox 412 3067 525 3129; x_wconf 87' lang='lat' dir='ltr'>felicem,</span> <span class='ocrx_word' id='word_1_223' title='bbox 537 3064 620 3133; x_wconf 88' lang='lat' dir='ltr'>quod,</span> <span class='ocrx_word' id='word_1_224' title='bbox 631 3082 682 3116; x_wconf 91' lang='lat' dir='ltr'>non</span> <span class='ocrx_word' id='word_1_225' title='bbox 690 3063 826 3117; x_wconf 82' lang='lat' dir='ltr'>viventibus</span> <span class='ocrx_word' id='word_1_226' title='bbox 833 3062 896 3125; x_wconf 83' lang='lat' dir='ltr'>illis,</span> 
     </span>
    </p>
   </div>
   <div class='ocr_carea' id='block_1_4' title="bbox 0 0 1168 3959">
    <p class='ocr_par' dir='ltr' id='par_1_6' title="bbox 0 0 1168 3959">
     <span class='ocr_line' id='line_1_36' title="bbox 0 0 1168 3959; baseline 0 0"><span class='ocrx_word' id='word_1_227' title='bbox 0 0 1168 3959; x_wconf 95' lang='lat' dir='ltr'> </span> 
     </span>
    </p>
   </div>
  </div>
 </body>
</html>
