2325 3959
252 382 317 452 80'
380 383 422 453 P.
446 384 602 451 Ournrr
624 385 818 452 Nasonis

250 504 371 555 Adriliunr
386 504 482 571 liuline,
499 507 598 571 imoque
612 523 625 556 a
638 508 731 570 gurgite
746 518 834 570 pontus

282 583 402 632 Vertitur.
421 587 445 632 δε
457 600 526 633 canas
537 583 617 633 alueus
628 586 707 633 haurit
717 600 799 648 aquas.

251 661 362 711 Vincitur
372 678 408 711 arr
421 676 494 712 vento
505 680 511 709 r
523 678 567 711 nec
580 665 631 727 jam
642 660 780 711 moderator
792 660 893 711 habenis

280 737 381 788 Utitur:
392 754 418 788 at
428 744 491 811 rotis
504 738 544 789 hic
555 756 652 805 quoque
663 741 742 805 poscit
754 756 837 804 opem.

204 822 213 867 l
220 815 353 867 mactatur
366 815 469 869 tumidas
481 816 544 865 exsul
557 814 676 866 Phoeniffa
686 833 727 882 per
738 813 812 865 undar
824 848 833 875 ,

285 892 439 960 Humidaque
450 894 562 961 oppositi
573 893 664 945 lumina
673 894 735 943 veste
746 897 816 959 tegit.

252 973 317 1023 Tum
332 972 437 1040 primum
449 970 516 1021 Dido
527 971 585 1023 felix
596 972 627 1021 est
638 970 700 1021 dicia
711 974 805 1030 sorori,

283 1050 315 1099 Et
325 1066 481 1117 quaecumque
496 1050 602 1119 aliquam
613 1066 712 1115 totpore
722 1051 806 1116 pressit
822 1048 936 1099 humum.

252 1128 343 1193 Figitur
354 1126 385 1179 ad
397 1128 499 1177 Laurens
509 1130 602 1195 ingenti
609 1126 706 1181 flamine
716 1128 772 1177 litus

206 1216 253 1253 coo
287 1206 373 1271 Puppis
385 1223 393 1265 ;
405 1209 448 1273 δι’,
460 1208 571 1273 expositis
581 1207 711 1265 omnibus,
722 1205 801 1255 hausta
812 1206 883 1270 perit.

253 1282 307 1331 Jam
322 1286 374 1347 pius
384 1281 470 1333 AEneas
484 1298 558 1347 regno
570 1280 674 1350 natique
686 1282 765 1330 Latini

286 1360 373 1409 Aulius
383 1374 432 1413 erat
442 1395 451 1421 ,
463 1360 565 1425 populos
575 1361 748 1425 miscueratque
760 1357 829 1409 duor-

253 1436 335 1489 litore
353 1437 447 1501 dotali,
461 1438 513 1489 solo
524 1440 652 1489 comitatus
663 1440 771 1497 Achate,

288 1519 409 1567 Secretum
419 1514 485 1567 nudo
497 1515 555 1567 dum
567 1514 627 1584 pede
638 1518 714 1579 carpit
724 1518 768 1566 iter
777 1532 788 1574 3

208 1595 346 1660 eo5Aspicit
360 1608 494 1654 errantem,
503 1610 547 1643 nec
558 1591 653 1645 credere
664 1592 760 1642 sustinet
772 1592 865 1644 Annam

288 1669 354 1724 Effer
364 1670 423 1740 quid
436 1674 461 1721 in
472 1670 552 1721 Latios
561 1670 604 1720 illa
613 1673 705 1723 reniret
715 1672 800 1735 agros?

255 1750 323 1801 Dum
335 1752 414 1801 secum
429 1749 514 1798 tineas
526 1766 533 1795 =
545 1750 614 1801 Anna
629 1750 679 1809 est,
694 1749 811 1798 exclamat
826 1748 937 1797 Achates.

289 1826 427 1879 adnomen
438 1826 518 1876 uultus
530 1826 622 1877 sustulit
633 1826 676 1877 illa
686 1828 748 1875 suos.

256 1904 313 1967 Quo
325 1905 418 1971 fugiat?
430 1902 488 1971 quid
500 1906 568 1971 agat?
581 1921 641 1970 quos
652 1920 718 1953 terrae
728 1917 819 1969 querat
831 1904 924 1953 hiatur?

209 1990 257 2027 610
292 1984 353 2031 Ante
370 1982 453 2031 oculos
464 1983 555 2033 miserae
567 1982 616 2032 fata
628 1982 714 2033 sororis
725 1995 800 2033 erant.

258 2064 334 2111 Sensit
347 2064 371 2111 δε
385 2061 515 2128 alloquitur
527 2056 645 2125 trepidam
655 2058 799 2122 Cythereius
809 2060 878 2108 heros
888 2075 899 2122 3

272 2184 276 2187 .
289 2140 342 2189 Flet
350 2155 429 2189 tamen
440 2137 565 2189 admonitu
575 2139 661 2185 mortis
674 2171 682 2197 ‚
694 2132 767 2184 Eliffa
774 2170 783 2194 ,
797 2150 851 2204 tua¹

162 2256 165 2261 .
257 2218 343 2271 Anna,
359 2234 400 2283 per
410 2215 553 2295 hpnc‘juro‚
566 2213 639 2279 qu'am
653 2210 776 2279 quondam
787 2210 868 2262 audire
878 2212 970 2265 solebas

291 2294 413 2343 Tellurem
435 2294 485 2342 fato
497 2294 643 2356 prosperiore
655 2290 706 2341 dari
718 2327 726 2351 ‚

210 2373 348 2439 615Perque
357 2371 422 2423 Deos
434 2374 533 2420 comites
542 2406 549 2430 ‚
559 2373 603 2420 hac
617 2387 690 2435 nuper
699 2368 753 2419 sede
761 2368 870 2430 locator,
902 2360 906 2365 “

291 2451 357 2513 Saepe
369 2466 432 2500 meas
443 2447 498 2497 illos
513 2444 652 2514 increpuiffe
662 2463 750 2495 moras.

258 2527 309 2578 Nec
321 2514 391 2575 timui
399 2514 428 2575 de
439 2540 516 2577 morte
529 2540 608 2574 tamen
620 2544 625 2571 ι
635 2541 713 2576 metus
725 2523 802 2574 abfuit
812 2523 862 2573 iste.

291 2604 337 2654 Hei
346 2606 405 2655 mihi
417 2604 424 2653 i
437 2600 546 2651 credibili
558 2602 644 2652 fortior
652 2602 694 2651 illa
706 2601 760 2655 fuit.

258 2684 296 2735 Ne
307 2683 384 2734 refer:
394 2682 471 2749 aspexi
482 2696 532 2732 non
544 2679 590 2729 illo
599 2682 692 2748 peciore
704 2678 777 2743 digna

211 2787 259 2829 420
292 2761 413 2820 Vulnera,
432 2759 553 2811 Tartareae
571 2760 638 2807 ausus
648 2754 713 2805 adire
728 2754 824 2807 domos.

259 2842 291 2890 At
303 2854 343 2896 ru,
355 2840 394 2887 seu
405 2838 465 2885 ratio
477 2851 499 2884 te
510 2835 594 2887 nostris
603 2834 695 2901 appulit
703 2837 770 2894 oris,

292 2918 346 2966 Sive
356 2914 437 2972 Deus,
448 2916 513 2979 regni
525 2911 655 2964 commoda
666 2929 734 2976 carpe
743 2904 801 2962 urei.

259 2996 340 3049 Multa
352 2995 535 3053 tibinremorcs,
548 2991 582 3041 nil
593 3008 643 3040 non
654 2988 767 3042 debemus
777 2986 873 3052 Elium

291 3075 397 3128 Nomine
408 3086 474 3142 grata
486 3085 528 3123 ruo
535 3106 543 3131 ,
555 3085 622 3140 grata
632 3070 718 3122 sororis
728 3102 737 3127 2
754 3070 809 3119 eris.
