2325 3959
259 378 883 450 Fnrronunzrn.1V.101

207 501 299 563 Vivat,
317 507 342 553 &
359 507 384 553 in
396 501 455 552 dura
466 504 525 565 saepe
537 502 630 551 laboret
640 504 725 549 humo.

172 576 256 643 Exigit
269 583 318 645 ipse
329 582 396 630 locus
408 616 416 640 ,
429 595 509 645 raptus
520 595 547 628 ut
557 581 654 644 virginis
667 577 747 627 edant.

143 663 145 668 '
208 656 280 707 Plura
289 661 457 723 recognosces:
470 674 544 721 pauca
555 656 675 706 docendus
686 660 740 704 eris.

173 734 252 784 Terta
264 738 338 785 tribus
348 736 451 800 scopulis
460 734 551 785 vastum
562 737 678 799 procurrit
691 736 714 781 in
725 747 806 797 aequor

208 810 329 859 Trinacris
341 830 350 870 3
363 829 377 859 a
391 814 469 874 positu
483 826 573 859 nomen
585 807 670 872 adepta
685 808 740 855 loci.
887 812 935 855 420

174 888 252 937 Grata
265 886 351 937 domus
361 888 457 939 Cereri:
469 888 555 935 multas
566 888 600 935 ibi
611 882 715 950 possidet
726 883 804 943 urbes,

145 989 148 995 ·
208 966 237 1014 ln
253 968 338 1032 quibus
352 966 384 1015 est
394 966 460 1014 culto
471 965 554 1014 fertilia
566 964 651 1013 Henna
661 961 721 1010 solo.

172 1042 270 1108 frigida
283 1043 417 1094 Coelesttim
427 1058 512 1091 matres
523 1042 638 1092 Arethusa
651 1034 758 1091 vocarat.

204 1123 309 1172 Venerat
321 1120 352 1171 ad
368 1112 478 1171 sacras&
490 1121 543 1171 Dea
555 1119 617 1169 flava
628 1116 708 1183 dapes.

171 1200 253 1261 Filia,
267 1202 386 1250 consuetis
396 1216 422 1249 ut
433 1215 483 1249 erat
493 1201 608 1247 comitata
621 1196 721 1261 puellis,
884 1192 931 1240 425

105 1319 108 1324 .
205 1277 304 1327 Errabat
318 1276 385 1326 nudo
395 1295 436 1341 per
447 1277 487 1325 sua
496 1291 563 1340 prata
571 1273 640 1339 pede·

171 1354 243 1404 Valle
258 1356 300 1403 sub
313 1343 424 1403 umblosa
440 1354 507 1402 locus
517 1354 564 1412 est,
580 1350 717 1416 adspergine
728 1350 806 1400 multi

205 1431 299 1482 Uvidus
309 1450 336 1481 ex
348 1433 398 1481 alto
407 1430 537 1480 desilientis
547 1446 623 1495 aqua.

172 1510 225 1559 ‘l'ot
238 1510 332 1569 fuerant
349 1510 419 1568 illic,
433 1525 494 1574 quot
506 1509 576 1557 habet
585 1522 667 1556 natura
679 1505 786 1563 colorent

205 1588 316 1653 Pictaque
333 1586 443 1637 dissimili
453 1586 512 1636 flore
523 1588 614 1636 nitebat
626 1588 721 1635 humus.
880 1591 933 1657 '430
1002 1576 1018 1605 ⁵

171 1663 251 1724 Quam
265 1664 336 1714 simul
348 1666 453 1730 aspexit3
466 1664 590 1720 Comites,
603 1664 707 1715 accedite
720 1698 728 1724 ‚
741 1661 816 1721 dixit5

203 1742 234 1792 Et
244 1760 339 1791 rnecum
351 1743 437 1793 vestros
448 1742 507 1793 flore
521 1744 609 1809 replete
621 1747 693 1814 sinus.

169 1819 254 1870 Praeda
263 1820 380 1886 puellares
387 1824 479 1871 animos
487 1822 602 1887 prolestat
612 1824 687 1871 inanis
698 1854 707 1881 ‚

201 1898 233 1947 Er
247 1915 295 1947 non
307 1900 406 1948 sentitur
413 1898 536 1949 sedulitate
546 1900 623 1948 labor.
691 1926 694 1932 ·

171 1973 228 2027 llaec
238 1976 325 2040 implet
338 1976 404 2024 lento
414 1976 541 2026 calathose
551 1979 642 2025 virnIne
649 1989 740 2033 textos3
883 1972 911 2019 4³
919 1975 931 2018 i

102 2075 103 2078 ¹
204 2052 262 2101 Hac
273 2055 410 2116 gremium,
425 2052 490 2101 laxos
501 2051 613 2116 degravat
626 2051 668 2100 illa
680 2054 752 2099 sinus.

169 2128 216 2181 Illa
226 2129 285 2193 legit
294 2129 384 2179 calthas
394 2147 402 2177 ι
414 2131 470 2177 huic
483 2129 539 2179 sunt
548 2128 649 2179 violaria
659 2145 734 2189 corea

106 2243 110 2249 .
204 2207 250 2257 llla
263 2224 404 2273 papavereas
415 2207 520 2257 subsecat
530 2223 608 2272 ungue
618 2220 709 2255 comas.
789 2200 790 2203 '

171 2284 234 2344 Has,
247 2286 398 2348 Hyacinthe,
414 2301 479 2335 tenes
492 2304 498 2333 r
509 2284 579 2345 illas,
592 2284 735 2345 Amarante,
748 2285 864 2343 morarist

106 2377 111 2383 ·
201 2364 256 2413 Pars
267 2366 367 2426 thyma,
380 2381 432 2428 pars
443 2367 550 2423 cariam,
569 2378 621 2427 pars
634 2361 762 2412 meliloton
771 2377 861 2413 aurant.
879 2379 928 2426 440

170 2440 275 2490 Plurima
289 2441 348 2490 lesta
357 2446 410 2491 rosa
420 2441 453 2491 est
462 2459 471 2500 ;
488 2446 514 2490 δι
524 2443 577 2490 sunt
587 2444 637 2489 sine
645 2444 742 2491 nomine
752 2440 831 2491 floret.

202 2518 253 2582 lpsa
263 2535 346 2567 crocos
358 2536 453 2573 tenues,
464 2520 563 2585 liliaque
572 2519 627 2568 alba
641 2520 708 2584 legit.

170 2594 291 2659 Carpendi
301 2594 377 2645 studio
387 2596 502 2661 paulatim
513 2598 607 2661 longius
617 2600 665 2645 itur
676 2612 685 2656 ·,

203 2673 234 2721 Et
245 2671 368 2722 dominam
384 2678 438 2723 casu
448 2675 514 2726 nulla
526 2676 604 2726 secura
617 2670 706 2724 comes.

172 2750 239 2799 lianc
250 2748 330 2808 videt,
342 2756 367 2799 tic
377 2754 451 2801 visam
463 2767 559 2817 patruus
565 2752 680 2801 velociter
691 2752 782 2831 auferr3
877 2777 923 2830 445

173 2878 177 2889 ‚
204 2828 331 2892 Regnaque
342 2828 444 2881 ceruleis
454 2832 479 2878 in
489 2831 529 2878 sua
537 2844 618 2895 portat
628 2833 701 2895 equis.

172 2903 215 2957 Illa
224 2903 322 2969 quidem
333 2904 452 2955 clamabat
461 2924 469 2965 3
479 2908 506 2956 lo
518 2942 526 2967 ‚
539 2911 658 2959 carissima
671 2924 760 2971 mater,

203 2982 320 3031 Auferor:
333 2985 382 3047 ipsa
393 2985 446 3032 suos
454 2983 630 3052 abscideratque
639 2991 711 3037 sinus.

171 3059 283 3115 Panditur
292 3058 382 3113 interea
391 3062 444 3115 Diti
455 3055 493 3115 via
502 3082 508 3112 z
515 3067 611 3131 jamque
626 3063 738 3117 diurnum

701 3146 722 3199 E
739 3145 767 3215 iij
