2325 3959
296 330 364 411 164
410 323 454 392 P.
492 324 649 391 Orrnrr
684 323 885 393 Naroma

324 445 377 504 Ne,
389 460 442 510 qua
452 460 502 495 non
509 462 569 510 opus
577 445 623 504 est,
636 444 699 495 forre
710 446 825 512 loquare,
838 444 929 498 dabie.

291 522 401 573 Protinus
411 520 548 573 admonitus
563 538 654 589 repetet
663 540 716 586 mea
726 527 827 575 crimina
838 524 942 583 leiior,

323 600 354 649 Et
365 617 463 665 peragar
469 601 553 666 populi
562 602 672 667 publicus
684 619 725 651 ore
736 620 796 652 reus.

244 689 271 739 ²5
290 677 346 727 Neu
354 694 411 729 cava
420 676 549 739 defendat,
560 683 669 745 quamvis
678 680 818 731 mordebere
828 678 916 731 druis.

324 754 403 807 Causa
416 760 551 822 patrocinio
560 774 612 807 non
622 760 685 809 bona
696 763 763 825 pejor
774 762 827 808 erit.
839 810 843 817 ,

291 832 399 883 Invenies
411 835 528 901 aliquem.
541 839 583 901 qui
593 853 632 885 me
643 839 742 903 suspiret
753 836 878 886 ademturn
888 870 901 891 ‚

323 910 440 963 Carmina
449 929 493 962 nec
502 917 571 964 siccis
577 914 684 980 perlegat
689 915 731 965 ista
742 918 807 980 genis
817 932 825 973 3

291 987 323 1037 Et
333 992 418 1039 tacitus
428 991 521 1051 secum,
532 1008 563 1040 ne
573 996 626 1057 quis
634 993 710 1043 malus
721 992 820 1067 audiat,
833 1007 927 1058 optet,

246 1079 276 1124 30
324 1069 362 1116 Sic
375 1084 443 1137 mea,
457 1068 533 1119 lenito
544 1069 655 1130 Caesare,
666 1088 738 1136 piena
751 1073 840 1120 minor.

292 1142 462 1211 Nosquoque,
472 1150 579 1213 quisquis
586 1151 640 1206 erit,
650 1166 680 1199 ne
691 1153 721 1199 rit
728 1151 798 1197 miser
807 1148 860 1209 ille,
869 1162 1017 1213 precamur,

324 1222 433 1273 Placatos
448 1228 534 1274 misero
549 1230 591 1293 qui
606 1226 674 1277 volet
688 1224 733 1276 effe
745 1227 820 1277 Deos.
1071 1211 1075 1222 Ι

292 1299 399 1367 Quaeque
408 1296 492 1364 volet,
504 1319 555 1352 rata
567 1308 629 1363 sint3
642 1304 767 1370 ablataque
779 1298 895 1368 Principia
906 1304 949 1351 ira

324 1378 456 1431 Sedibusin
466 1386 548 1445 patriis
559 1380 668 1432 detmibi
679 1380 745 1448 poffe
758 1384 830 1431 mori.

247 1475 273 1518 35
293 1456 328 1507 Ut
343 1475 438 1523 peragas
453 1458 582 1520 mandata,
597 1462 681 1515 Liber,
696 1460 820 1533 qulpabere
831 1458 935 1516 ferrent

327 1535 465 1601 Ingeniique
475 1541 554 1587 minor
565 1536 635 1587 laude
647 1538 721 1589 ferere
734 1540 790 1587 mei.

292 1611 383 1661 iudicis
395 1613 556 1674 officiumest,
569 1632 596 1665 ιιι
606 1632 658 1675 ιιι,
670 1619 703 1665 ira
719 1630 832 1681 tempora
844 1630 944 1676 rerum,

326 1689 435 1749 Quaerere
447 1696 562 1757 :quaesito
574 1708 698 1758 tempore,
716 1708 780 1742 tutus
791 1696 844 1741 eris.

293 1766 409 1818 Carmina
422 1774 566 1833 proveniunt
575 1775 656 1819 animo
667 1768 766 1820 dedusia
776 1772 875 1828 serentur

245 1835 278 1910 46
327 1846 416 1895 Nubila
431 1849 485 1895 sunt
495 1850 577 1896 subitis
587 1865 695 1913 tempora
703 1849 781 1899 nostra
789 1848 868 1899 malit.

293 1925 409 1976 Carmina
418 1925 531 1975 secessum
543 1929 666 1977 scribentis
676 1930 699 1976 δι
713 1930 763 1977 otia
771 1939 879 1992 querunt
889 1942 899 1984 ι

144 2018 148 2022 “
235 2066 237 2071 Ι
327 2006 369 2055 Me
384 2024 466 2066 mare,
486 2009 617 2065 merenti,
632 2022 671 2055 me
681 2006 730 2055 fera
740 2007 810 2071 jaciat
821 2006 908 2053 biems.

293 2082 447 2134 Carminibus
456 2100 537 2134 metue
545 2088 623 2133 omnis
634 2084 712 2133 abest:
724 2082 885 2149 egnperditus
896 2082 981 2131 ensem

326 2163 449 2212 Haesurum
457 2162 542 2228 jugulo
550 2167 599 2227 jam
608 2177 666 2227 puto
678 2166 772 2227 iamque
780 2178 845 2209 men.

244 2255 273 2303 45
294 2242 351 2291 Hac
364 2258 460 2307 quoque
468 2275 476 2301 ‚
484 2239 551 2306 quod
559 2240 639 2298 facio,
653 2238 724 2304 judex
735 2239 859 2289 mirabitur
871 2252 976 2303 aequuat

322 2322 462 2384 Scriptaque
476 2317 610 2367 cum-venii
620 2317 803 2381 qualiacumque
813 2316 884 2379 leger.

293 2396 403 2448 Da'mibi
412 2394 565 2454 Moeoniden,
578 2400 603 2445 δι
616 2410 652 2446 tot
660 2398 813 2460 circumspice
824 2396 904 2452 casur5

325 2476 449 2540 Ingenium
465 2477 536 2523 tantis
549 2472 641 2525 excidet
650 2490 725 2523 omne
738 2474 817 2524 maiis.

293 2554 404 2619 Denique
418 2555 510 2601 securus
522 2551 608 2608 fama,
624 2551 707 2610 Liber,
719 2554 752 2599 ire
764 2564 903 2608 mement03

250 2649 280 2696 50
327 2632 379 2681 Nec
396 2634 440 2680 tibi
452 2634 483 2679 sit
494 2629 555 2678 lesio
568 2626 714 2693 displicuisse
724 2627 811 2693 pudor.

296 2708 353 2759 Non
366 2711 399 2758 ira
410 2710 433 2757 se
442 2708 512 2756 nobis
527 2707 616 2772 prabet
633 2707 737 2755 Fortuna
749 2701 876 2755 secundam
883 2734 892 2763 ‚

328 2786 362 2834 Ut
374 2788 418 2835 tibi
437 2789 468 2834 eir
479 2788 540 2834 ratio
551 2783 628 2835 laudis
638 2781 748 2833 habenda
759 2798 815 2833 tua.

295 2863 380 2912 Donec
397 2879 462 2911 eram
478 2864 574 2926 sospes,
589 2861 654 2911 tituli
670 2862 782 2926 tangebar
793 2874 891 2916 arnoret

328 2939 501 3007 Quarendique
511 2943 571 2990 mihi
583 2943 688 2990 nominis
699 2940 770 2990 ardor
780 2953 839 2989 erat.
896 2953 899 2963 ·

249 3040 276 3086 rr
295 3020 410 3075 Carmina
420 3036 483 3072 nunc
494 3022 574 3071 sinon
583 3054 592 3084 ,
601 3016 751 3087 studiumque
763 3014 831 3086 quod
841 3013 934 3079 obfuit,
943 3013 1005 3080 odi,
