2325 3959
232 416 298 462 202
373 395 417 464 P.
441 399 598 468 Ovum]
617 403 813 470 NAsours

183 514 313 583 525thue
329 516 394 569 seder
406 521 476 572 vultu
487 521 559 574 falsus
569 523 726 576 Telamonius
736 529 795 574 iram
806 558 817 584 ,

262 595 336 662 inque
347 599 423 648 oculis
435 599 526 650 facinus
539 603 637 653 barbara
646 619 723 654 mater
731 605 819 653 habet:

228 672 266 720 Sic
277 671 388 724 madidos
400 678 472 728 siccat
486 677 567 744 digitis
580 681 661 730 Venus
672 679 720 731 uda
729 680 847 748 capillose

261 752 293 806 Et
303 753 382 804 modu
391 759 505 806 maternis
516 759 576 807 tedia
585 756 680 808 videtur
690 762 768 824 aquis.

228 831 295 881 Bella
305 833 391 897 sopanr
399 831 458 889 alii,
475 831 527 880 telis
539 832 650 882 instrudia
664 836 785 891 cruentiss

140 945 142 950 .
182 931 193 977 ς
200 930 229 974 30
263 903 366 970 Parsque
377 906 411 952 tui
422 905 532 968 generis,
542 921 596 970 pars
606 921 648 955 tua
658 906 718 956 fasta
731 921 830 956 canunt.

229 979 322 1055 Invida!
330 998 369 1031 me
381 983 456 1046 spatio
472 983 564 1032 Natura
574 988 681 1034 co‘e'rcuit
690 987 769 1047 arelo,

262 1059 361 1124 Ingenio
373 1063 432 1110 vires
442 1063 584 1128 exiguasque
594 1059 670 1112 dedit.

228 1137 262 1188 Et
280 1152 360 1188 tamen
370 1138 411 1188 ille
422 1153 468 1188 tuae
478 1139 536 1189 felix
548 1139 664 1192 AEnei'dos
677 1143 773 1202 asdor,

262 1215 376 1267 Contulit
387 1220 412 1268 iu
425 1218 511 1280 Tyrios
523 1222 724 1286 armavirumque
735 1237 819 1279 toros;

183 1282 377 1358 535Nec'legirur
385 1309 437 1357 pars
448 1293 497 1342 ulla
508 1298 584 1359 magis
595 1293 624 1344 de
634 1312 734 1361 torpore
743 1310 814 1356 toto,

262 1370 344 1431 Quam
359 1388 409 1421 non
420 1372 531 1437 legitimo
542 1372 633 1424 foedcte
641 1377 733 1440 juudius
745 1391 822 1424 amor.

229 1448 348 1514 Phyllidis
362 1452 401 1500 hic
412 1449 478 1502 idem
489 1485 499 1513 ,
516 1467 657 1519 teucrosque
668 1451 824 1516 Amaryllidis
838 1453 905 1520 ignes
916 1489 930 1516 ,

261 1529 381 1579 Bucolicis
396 1521 488 1596 juvenis
497 1530 584 1580 luserat
592 1546 647 1580 ante
657 1529 746 1581 modis.
766 1558 769 1563 ·

229 1608 282 1658 Nos
295 1625 392 1676 quoque
407 1612 455 1674 jam
471 1607 564 1674 pridem
577 1611 665 1675 scripto
676 1611 826 1674 peccavimus
836 1625 897 1658 uno.

77 1742 83 1752 ,
184 1714 229 1761 540
263 1686 411 1751 Supplicium
427 1689 515 1752 patitur
525 1703 576 1738 nou
586 1705 650 1737 nova
659 1687 731 1752 culpa
740 1704 841 1737 novum.

229 1763 392 1830 Carminaque
407 1763 529 1816 edideram
539 1800 547 1825 ,
558 1765 616 1815 etim
626 1781 650 1815 te
660 1764 745 1815 delicia
755 1782 883 1816 notantem

262 1844 367 1894 Praeterii
378 1847 450 1894 toties
458 1848 509 1910 jure
520 1847 614 1910 quietus
624 1861 704 1910 eques.

229 1923 294 1988 Ergo
306 1957 313 1983 ,
331 1939 384 1994 qux
394 1926 475 1989 juveni
486 1926 546 1972 mibi
557 1939 608 1972 non
619 1925 730 1975 nocitura
737 1925 821 1988 putari

263 2004 356 2066 Scripta
370 2018 453 2066 parum
464 1999 585 2068 prudeus,
597 2017 660 2050 nuuc
670 2017 773 2050 nocuere
785 2002 856 2050 senii

135 2100 144 2110 “
184 2081 285 2137 545Sera
295 2078 439 2148 redundabit
448 2083 533 2132 veteris
542 2078 748 2140 vmdrsralibelu,

262 2157 340 2208 Distat
352 2163 375 2211 ds
388 2175 402 2208 a
417 2162 496 2210 meriti
510 2175 617 2224 tempore
628 2159 755 2223 poenasui.

229 2236 267 2286 Ne
283 2252 364 2310 tamen
376 2255 448 2288 omne
459 2254 540 2290 meum
554 2235 638 2286 credas
646 2253 707 2302 opus
717 2233 763 2286 effe
774 2234 918 2298 remiilum,

261 2318 326 2382 Saepe
339 2314 395 2366 dedi
403 2317 488 2366 nostrae
494 2313 592 2381 grandia
602 2315 657 2364 tela
669 2318 724 2364 rati.

228 2397 272 2444 Sex
283 2412 328 2461 ego
336 2395 458 2444 Fastorum
466 2395 547 2458 scripsi
556 2390 705 2458 totidemque
715 2392 811 2443 libellos
820 2410 830 2453 ς

183 2498 230 2546 550
264 2471 377 2539 Cumque
388 2475 430 2522 suo
445 2471 519 2522 finem
530 2473 611 2520 mense
620 2471 738 2522 volumen
748 2472 830 2523 habet.

230 2549 306 2616 ldque
316 2565 357 2600 tuo
366 2552 566 2615 superscriptum
577 2550 620 2598 fus
628 2553 743 2609 nominc,
754 2549 834 2600 Caesar
842 2585 855 2611 ,

261 2629 292 2679 Et
304 2629 348 2679 tibi
361 2631 477 2678 sacratum
489 2630 540 2678 fors
554 2645 613 2678 mea
619 2631 682 2692 rupit
694 2644 763 2692 opus.

228 2705 259 2757 Et
274 2706 384 2758 dedimus
395 2710 489 2773 tragicis
497 2709 614 2772 scriptum
624 2706 703 2771 regale
712 2709 855 2766 cothurnis3

262 2785 368 2852 Quaeque
383 2789 459 2851 gravis
469 2782 622 2838 debstvetba
636 2786 768 2836 cothurnus
783 2787 866 2835 habet.

182 2862 346 2929 555Didiaque
363 2865 417 2912 suut
430 2863 500 2914 nobis
509 2897 521 2924 ,
531 2866 643 2930 quamtis
650 2879 737 2914 manus
749 2864 834 2915 ultima
844 2879 931 2929 coepto

261 2941 347 2991 Defuit
359 2975 367 2996 ,
385 2943 411 2991 in
421 2941 494 2992 iacies
503 2957 607 3007 corpora
616 2943 775 2994 sessanum.

229 3020 307 3086 Atque
323 3023 415 3070 utinam
427 3036 525 3070 revoces
536 3023 647 3071 atu'mum
658 3020 776 3085 paulisper
789 3021 819 3072 ab
834 3019 886 3071 irai

261 3098 377 3151 Etvacua
387 3099 531 3165 jubeashiuc
540 3100 586 3150 tibi
595 3097 746 3172 pascalegil
