2325 3959
280 417 548 494 Yrrrsrruu
574 412 665 487 [ru.
693 408 737 487 V.
812 424 875 501 253

156 533 217 588 Nec
226 559 266 592 me
277 558 327 593 tam
337 547 428 593 cruciat
437 544 627 607 numquamsine
642 540 729 603 lrigore
737 534 844 594 eoelum,
897 530 911 569 ⁶
917 532 927 582 l

195 618 323 687 Glebaqrre
333 625 427 671 canenti
435 623 526 685 semper
535 619 619 668 obusta
629 617 683 681 gelu
694 634 701 673 3

86 745 87 762 χ
158 689 299 764 Nesciaque
310 700 343 748 est
350 702 416 749 vocis
424 696 491 764 quod
500 697 599 746 barbara
610 695 691 759 lingua
703 693 805 749 Latium

86 768 88 777 ’
195 775 321 842 Grajaque‘
328 775 395 842 quod
404 777 492 827 Getico
501 777 563 824 uiua
570 769 667 837 loquela
678 772 737 818 sono
746 786 765 831 ·‚¹

159 850 249 911 Quam
259 853 326 918 quod
336 852 439 903 finitimo
451 855 539 901 cintius
547 866 642 916 premor
649 838 754 911 undique
762 840 839 894 Marte
848 860 855 901 ¹,

197 930 295 997 Vixque
307 932 383 980 brevis
395 946 474 981 tutum
485 946 565 979 murus
576 930 605 976 ab
615 926 680 976 hoste
693 923 760 972 uere.
897 920 930 969 7ο

162 1004 214 1055 Pax
228 1022 307 1057 tamen
318 1008 437 1059 iut'erdum
448 1044 456 1063 ‚
468 1012 530 1073 pacis
538 997 627 1056 fi'ducia
637 1014 769 1067 numquam
781 999 821 1049 est.

198 1087 241 1133 Sic
252 1080 315 1136 nuuc
326 1089 365 1136 hic
376 1090 479 1152 patitur,
489 1097 553 1135 nunc
564 1089 635 1135 timet
643 1098 724 1138 arma,
738 1080 814 1128 locus.

162 1158 230 1212 Hinc
241 1182 288 1229 ego
297 1164 356 1215 dum
368 1180 460 1224 muter,
470 1166 509 1214 vel
518 1180 556 1213 me
565 1161 676 1211 Zanclaea
687 1154 824 1219 Charybdis

196 1242 319 1301 Devoret,
327 1260 387 1309 aque
398 1238 443 1292 suis
451 1242 561 1307 adStyga
572 1244 653 1289 mittat
662 1239 741 1301 aquit:

162 1313 211 1367 Vel
224 1314 487 1384 rapidaellammiturar
494 1323 610 1384 patienter
622 1314 752 1364 inffitnaet
897 1302 926 1355 ⁷5

199 1397 245 1444 Vel
257 1398 318 1446 freta
329 1396 440 1446 Leucadii
448 1400 530 1446 mittat
541 1399 566 1444 in
575 1394 623 1443 alta
634 1392 690 1440 Dei.

164 1470 243 1531 Quod
253 1475 350 1537 petitur,
357 1488 428 1538 pona
437 1474 566 1538 eliamque
576 1474 641 1519 euim
647 1469 717 1516 miser
727 1462 773 1514 effe
781 1464 863 1513 recuso
873 1478 881 1519 l

199 1539 246 1600 Sed
254 1567 354 1616 precor,
366 1567 392 1600 ut
399 1554 488 1616 poesim
496 1550 570 1600 tutius
580 1542 629 1597 elle
641 1546 721 1595 miser.

167 1705 881 1780 (ὤμων

326 1861 580 1926 ELEGIA
622 1860 715 1924 Ill.

165 1958 267 2074 Iura
279 2022 329 2074 diet
339 2028 388 2074 hee
400 2026 448 2083 est,
462 2024 510 2091 qul
522 2039 545 2073 te
555 2024 675 2077 celebrare
687 2028 782 2087 poeta,

201 2106 225 2151 si
235 2100 311 2152 ruodo
320 2119 369 2152 non
378 2102 465 2152 fallunt
472 2116 599 2166 tempora,
611 2102 702 2149 Bacche
715 2136 722 2155 ,
735 2100 825 2148 solenta

171 2183 282 2247 festaque
290 2179 396 2229 odoratis
405 2182 528 2228 innectunt
539 2194 648 2242 tempora
659 2179 742 2230 sertis,

203 2260 233 2307 Et
247 2258 331 2307 dicunt
343 2257 422 2307 laudes
435 2256 466 2306 ad
475 2273 516 2307 tua
526 2260 583 2306 vina
593 2268 654 2305 tuat.

169 2339 231 2385 Inter
241 2353 317 2403 quot,
328 2338 445 2395 memini,
458 2332 517 2383 (lum
529 2348 569 2383 rue
578 2350 632 2383 mea
644 2336 693 2382 fata
703 2331 811 2381 sinehant
822 2362 830 2384 ,
899 2342 910 2387 5

202 2416 257 2463 Non
267 2416 341 2465 invisa
352 2417 396 2463 tibi
407 2430 459 2479 pars
471 2428 516 2479 ego
527 2416 586 2478 saepe
597 2412 648 2469 fui;

171 2496 246 2554 Quem
260 2510 324 2543 nunc
334 2495 482 2559 suppositum
490 2489 735 2553 stellisCyuosurlrloa
743 2488 809 2538 Ursae

202 2574 282 2620 lunula
293 2587 357 2620 tenet
367 2569 446 2620 crudis
457 2572 617 2619 Sarmarlsora
625 2568 701 2619 Getis.
898 2574 901 2579 '

171 2649 263 2713 Quique
274 2652 337 2712 ptius
347 2648 446 2696 mollem
456 2681 463 2705 ,
474 2662 621 2711 vacuamque
628 2646 765 2705 laboribus,
777 2647 814 2710 egl

204 2728 228 2775 lu
240 2725 400 2774 studiisvitam
411 2723 578 2789 Piiridumqoe
590 2728 664 2773 clroro
677 2740 684 2781 3
900 2732 927 2767 ro

173 2804 240 2854 Nunc
249 2803 332 2868 procul
344 2820 357 2852 a
367 2806 443 2867 patria
454 2803 543 2851 Geticis
553 2802 716 2849 circumsonor
727 2802 798 2851 armis
807 2834 815 2859 ,

204 2881 281 2931 Multa
295 2878 359 2945 priris
370 2878 469 2948 pelago,
482 2879 605 2944 multaque
614 2874 693 2943 pallus
703 2880 788 2926 humo.

174 2962 224 3008 Sive
233 2961 293 3007 mihi
305 2956 387 3016 casus,
399 2960 447 3006 rive
458 2959 505 3006 hot
516 2955 585 3006 dedit
596 2958 629 3005 ira
640 2956 767 3017 Deorum,

205 3038 292 3087 Nubila
301 3038 404 3085 nascenti
412 3036 515 3084 seumihi
524 3034 596 3084 Parca
603 3034 666 3085 liure

175 3118 211 3166 Tu
221 3131 299 3166 tamen
310 3132 323 3164 e
333 3116 402 3165 sacris
413 3113 503 3164 heder:
514 3114 650 3163 cultoribus
661 3126 736 3164 unum
