2325 3959
299 414 415 480 Titia
431 376 575 477 Tium
604 409 688 476 ira.
712 409 763 475 11.
830 409 897 492 187

177 527 298 592 Acuunt,
310 547 377 581 tanta
387 529 674 582 meocomesestinsania
684 527 786 578 morbo!
915 528 942 578 ¹5

212 609 271 658 Saxa
280 627 362 658 meum
372 609 450 658 refero
461 609 538 656 rursus
546 605 577 658 ad
588 609 634 656 itta
642 605 738 671 pedem.

179 686 389 738 Scilicetuviuus
399 689 484 752 repetit
495 683 614 750 gladiator
626 700 737 739 arenam,

211 765 243 813 Et
256 763 320 814 redit
329 769 355 813 in
366 761 469 813 tumidas
481 761 596 827 naufraga
605 764 691 826 puppis
700 775 782 825 aquas.

178 841 305 902 Forsitan,
318 859 344 892 ιιι
358 839 482 908 quondam
490 842 648 890 Teuthrantia
656 853 728 905 regna
740 842 845 900 terrenti,

213 922 251 968 Sic
262 921 324 969 mihi
332 937 369 970 res
380 917 463 970 eadem
471 918 557 970 vulnus
567 934 688 984 opemque
699 917 777 976 feret3
913 921 946 956 ²0

180 995 298 1062 Musaque
310 1031 318 1058 ‚
328 1013 400 1064 quam
409 1000 501 1052 movit,
514 1013 607 1046 motam
618 1012 716 1062 quoque
726 995 800 1045 leniet
810 998 880 1044 iram.

210 1075 316 1125 Exoraut
327 1093 427 1140 magnos
438 1077 545 1125 carmina
555 1076 615 1140 saepe
627 1073 702 1123 Deos.

175 1152 226 1218 ipse
234 1169 330 1220 quoque
338 1156 453 1204 Ausonias
464 1153 544 1204 Caesar
553 1151 689 1218 maeretque
699 1167 820 1219 nurusque

211 1229 326 1280 Carmina
335 1235 454 1296 turrigera
465 1229 544 1282 dicere
554 1235 622 1296 jussit
632 1231 689 1295 Opi.

176 1305 278 1357 Jufferat
288 1313 311 1358 it
323 1311 416 1360 Phoebo
428 1309 492 1369 dici,
505 1325 554 1374 quo
563 1323 672 1372 ternpore
681 1307 753 1358 iudos
913 1315 942 1360 ²1

211 1385 292 1445 Fecit,
304 1402 364 1450 quos
374 1401 430 1436 aetas
438 1389 522 1450 aspicit
529 1384 666 1435 unaiemel.
917 1406 922 1413 ·

176 1461 220 1511 His
229 1479 312 1526 precor
323 1464 436 1528 exemplis
446 1479 487 1513 tua
499 1479 579 1526 nunc,
591 1464 718 1512 mitissime
733 1459 832 1520 Caesat,

213 1541 264 1588 Fiat
274 1542 303 1589 ab
313 1544 412 1606 ingenio
422 1541 521 1590 mollior
531 1545 566 1590 ira
576 1557 641 1590 meo.

177 1617 223 1667 illa
233 1617 331 1684 quidem
341 1619 401 1684 justa
411 1619 457 1677 est,
469 1635 513 1668 nec
525 1636 563 1668 me
575 1615 686 1668 meruisse
696 1616 804 1682 negabo:

210 1695 267 1744 Non
278 1693 339 1745 aded
349 1697 429 1744 nostro
439 1696 500 1761 fugit
509 1698 591 1748 abore
599 1695 686 1761 pudor.

175 1770 222 1821 Sed
232 1809 239 1832 ,
252 1776 296 1822 nisi
308 1771 456 1838 pectaffem‚
469 1773 528 1840 quid
539 1790 564 1824 tu
576 1770 708 1824 concedere
718 1766 813 1836 palies?

208 1848 336 1896 Materiam
344 1851 418 1897 veniae
431 1851 480 1897 sors
492 1849 536 1920 tibi
546 1848 625 1897 nostra
638 1843 716 1896 dedit.
782 1881 785 1893 .

174 1927 216 1984 Si,
235 1927 329 1990 quoties
339 1929 449 1974 homiues
460 1941 577 1989 peccant,
594 1927 635 1972 sua
645 1921 748 1972 iuimina
760 1922 843 1970 mittat

208 2001 315 2066 Iuppiter
326 2017 334 2059 3
343 2005 428 2065 exiguo
437 2016 545 2066 ternpore
552 2004 650 2050 inermis
660 1995 714 2048 erit.

176 2079 222 2130 Hic
237 2082 278 2128 ubi
285 2077 409 2138 detonuit,
423 2079 567 2144 strepituque
575 2079 690 2126 exterruit
698 2076 799 2134 orbern,
911 2080 938 2133 ις

209 2157 297 2207 Pururn
308 2154 416 2206 discussis
424 2161 478 2205 a‘e'ra
488 2153 567 2206 reddit
575 2159 651 2220 aquis.

174 2234 187 2283 J
190 2251 229 2284 ure
237 2237 310 2300 igitur
317 2236 460 2300 genitorque
467 2233 548 2283 Detim
560 2237 683 2299 testorque
693 2245 812 2288 vocatum

205 2313 260 2362 Jure
273 2328 346 2376 capax
359 2309 505 2362 mundusuii
515 2312 574 2362 Jove
589 2314 666 2375 majus
676 2310 759 2360 habet.

173 2392 211 2444 Tu
223 2409 337 2458 quoque,
348 2392 404 2442 edm
415 2395 499 2443 Patri:
511 2395 597 2444 Retios
608 2390 706 2450 dicare,
724 2390 857 2454 Partrque3

206 2470 279 2519 Urere
291 2489 357 2521 more
370 2471 415 2520 Dei
426 2488 516 2524 nomeu
524 2473 632 2520 habentia
641 2468 715 2519 idem.
903 2473 939 2518 40

173 2546 248 2616 idque
262 2547 319 2597 facis
328 2565 385 2598 inec
396 2565 419 2598 te
429 2555 555 2616 quisquam
566 2547 712 2599 moderariris
722 2561 839 2613 umquam

144 2645 150 2650 ·
207 2625 302 2687 imperii
310 2628 389 2688 potuit
400 2625 466 2674 frena
475 2641 553 2674 tenere
561 2629 605 2674 sui.

174 2701 212 2751 Tu
224 2705 319 2752 veniam
332 2705 394 2765 parti
409 2704 520 2766 superatae
534 2705 593 2770 saepe
604 2701 703 2762 dedisti,

206 2777 264 2828 Non
279 2775 428 2827 couceii‘urus
437 2795 508 2844 quam
521 2781 564 2828 tibi
574 2783 649 2829 vidior
658 2793 718 2831 erat.

914 1689 945 1734 30

64 2881 71 2893 ν
172 2854 271 2911 Divitiis
282 2859 355 2904 etiam
363 2855 452 2905 multos
463 2861 487 2905 δι
498 2859 629 2906 honoribus
637 2862 716 2908 auctos
899 2883 929 2930 45

205 2931 279 2991 Vidi,
292 2936 333 2998 qui
344 2933 447 3004 tulerant
456 2937 481 2984 iu
493 2951 564 3000 caput
574 2953 639 2984 arma
650 2951 727 2984 tuum.

173 3011 279 3076 Quaque
293 3009 342 3059 dira
354 3011 444 3060 beilum
455 3046 462 3071 ‚
475 3012 533 3062 beili
544 3013 588 3062 tibi
601 3014 690 3063 suiiulit
703 3019 780 3077 iram3

205 3091 307 3174 Parsque
317 3090 388 3142 timui
398 3090 493 3160 templis
504 3105 604 3161 utraque
614 3090 680 3146 duna
689 3093 756 3147 tulit·
