2325 3959
273 414 287 467 r
297 417 337 490 52
411 398 854 467 P.-0711>11Nrsours

300 519 332 567 Et
341 516 438 583 pavidas
446 521 527 584 posito
536 516 687 585 procubuille
696 535 768 585 genu.

268 596 355 647 Haurit
367 612 454 662 aquus,
469 596 605 662 tollentque
616 612 700 645 manus
712 630 721 657 ,
736 598 868 662 ignoscite,
883 594 957 647 dixit
966 630 979 657 ,

130 743 132 746 ι
218 684 267 731 450
301 676 436 725 Sacraevir
445 675 541 725 intrabo
550 672 789 725 nonadeuudaviro.

268 754 293 803 Si
306 751 380 802 scelus
390 752 442 813 eil,
459 756 485 801 lu
498 768 537 801 me
547 754 671 801 commissi
682 768 753 817 ptena
764 748 896 801 redundet.

300 832 335 880 Sit
343 834 428 896 capitis
434 829 525 881 daruuo
535 831 614 880 Rorua
620 830 700 880 soluta
709 832 765 881 mei.

266 908 354 964 Dixit,
369 912 395 959 δι
407 912 502 974 irrupit.
517 910 614 957 iterum
626 908 678 960 Dea
690 925 757 974 rapta
766 908 899 974 probavit3

300 986 471 1053 Pontificisque
486 989 522 1035 fui
532 1002 630 1036 munere
641 1001 692 1035 tuta
702 986 757 1037 fuit.

218 1064 340 1134 455Nuuc
351 1065 501 1114 beuelueetis
511 1066 582 1114 sacra
597 1066 639 1113 sub
650 1064 742 1115 Caesare
753 1064 857 1113 flamma
868 1081 877 1111 e

301 1140 366 1206 Ignis
381 1146 407 1191 in
418 1142 498 1192 lliacit
506 1157 570 1191 uune
584 1145 644 1201 erit,
657 1142 753 1207 estque,
766 1141 836 1191 focis.

268 1218 392 1285 Nullaque
400 1218 493 1271 dicetur
501 1223 574 1271 uittas
585 1220 707 1271 temeraile
717 1218 841 1279 sacerdos,

301 1296 355 1346 Hoc
375 1296 464 1355 Duce,
480 1314 525 1347 uec
537 1298 594 1347 viui
603 1296 740 1349 defodietur
749 1300 834 1347 humo.

269 1376 307 1425 Sic
316 1376 403 1425 incesta
413 1378 489 1441 perite
499 1379 557 1441 quia
566 1392 640 1441 quam
650 1376 766 1430 violavit,
778 1374 882 1423 inillam

220 1459 268 1508 4⁶0
302 1454 424 1507 Conditur
434 1475 440 1505 e
452 1460 477 1505 dc
490 1456 573 1505 Tellus
580 1456 696 1522 Vestaque
707 1472 795 1507 numen
805 1454 870 1505 idem
882 1454 931 1505 est.

223 1592 227 1596 ἢ
268 1534 333 1581 Tum
344 1535 390 1583 sihi
399 1533 511 1584 Callaico
522 1535 608 1584 Brutus
618 1550 754 1599 cognomen
762 1538 786 1585 iu
794 1534 860 1583 hoste

302 1612 384 1672 Fecit,
403 1616 428 1661 ht
439 1612 569 1678 Hispanam
580 1615 693 1677 sanguiue
704 1616 775 1664 tinxit
785 1615 901 1663 humum.

268 1689 365 1741 Scilicet
375 1688 496 1739 interdum
507 1692 636 1741 miscentur
647 1691 720 1739 tristia
731 1691 790 1739 ltetit
801 1722 809 1748 ,

301 1767 339 1818 Ne
348 1768 464 1832 populum
477 1783 530 1818 toto
544 1772 637 1833 peflore
650 1768 706 1818 fella
716 1768 806 1834 juvent.

219 1842 251 1894 4⁶
255 1851 264 1897 5
269 1843 365 1897 Crall‘us
381 1844 412 1894 ad
430 1846 567 1910 Euphraten
576 1847 691 1912 Aquilai,
702 1862 847 1911 natumque,
860 1846 970 1911 suosque

302 1922 410 1973 Perdidit
421 1941 427 1972 t
439 1925 463 1971 ἃ
475 1924 526 1972 leto
534 1922 568 1973 est
577 1924 676 1973 ultimus
687 1925 735 1988 ipse
745 1922 824 1973 datus.

269 2002 355 2051 Parthe
366 2036 374 2056 ,
385 2000 450 2067 quid
461 2002 562 2051 exsultas
570 2000 652 2051 idixit
664 2001 806 2065 Deatsigua
815 2004 924 2051 remittes
934 2018 946 2059 ·,

302 2080 397 2145 Quique
412 2096 495 2129 necem
506 2079 587 2130 Crassi
596 2078 718 2139 vindicet,
736 2080 801 2129 ultor
813 2083 865 2129 crit.

270 2158 313 2206 AT
325 2157 401 2218 simul
407 2160 490 2206 auritis
497 2156 568 2207 violae
580 2156 708 2211 demuntur
720 2157 813 2218 asellis,

151 2245 158 2250 ’
219 2242 268 2287 47⁰
302 2236 334 2284 Et
350 2234 443 2285 Cereris
454 2235 533 2299 fruges
544 2237 624 2299 aspera
634 2238 688 2287 sara
699 2250 797 2295 terunt,

269 2312 356 2363 Navita
364 2330 442 2377 puppe
449 2311 544 2368 sedens,
556 2313 676 2378 Delphina
683 2313 834 2373 videbimur,
850 2315 954 2379 iuquit;

301 2388 408 2439 Humida
418 2389 473 2439 ctlru
484 2390 554 2455 pulso
562 2406 611 2439 nox
622 2394 666 2440 erit
677 2406 730 2441 orta
742 2388 789 2441 die.

268 2467 331 2516 JAM
341 2468 435 2528 Phryx,
446 2484 459 2515 a
470 2482 544 2531 nupta
554 2471 658 2533 quereris
668 2503 677 2527 ,
689 2470 794 2519 Tithono
805 2503 814 2528 ,
826 2469 930 2535 relinqui
941 2490 952 2529 ;

300 2543 331 2592 Et
346 2545 404 2609 vigil
415 2545 472 2592 Eois
482 2545 577 2594 Lucifer
588 2548 719 2611 exitaquis.

220 2620 304 2678 475lte
316 2657 324 2680 ‚
337 2623 405 2671 bone
415 2638 518 2676 matres,
528 2622 631 2672 vestrum
642 2623 756 2672 Matralia
766 2622 864 2671 felium:

300 2701 418 2767 Flavaque
429 2701 548 2749 Thebanae
558 2699 650 2749 reddite
660 2701 710 2751 liba
720 2702 787 2753 Dcae.

226 2784 229 2786 ’
267 2780 383 2827 Pontibus
394 2782 418 2827 δι
426 2792 515 2843 magno
525 2782 604 2844 junfia
615 2778 647 2827 cst
660 2779 813 2831 celeberrima
824 2780 901 2833 Circo

300 2860 361 2905 Area
372 2890 380 2914 ,
394 2872 447 2920 quae
458 2859 537 2919 posito
548 2855 578 2905 de
591 2857 748 2907 bovenomen
757 2860 837 2907 hahet.

210 2938 215 2945 '
268 2934 319 2985 Hac
336 2934 371 2982 ibi
388 2930 440 2980 luce
451 2932 532 2982 ferunt
546 2934 647 2984 Matutae
662 2937 728 2985 sacra
741 2939 834 3000 parenti

218 3010 268 3071 480
301 3008 455 3074 Sceptriferas
464 3010 530 3060 Servi
538 3012 628 3077 templa
639 3010 729 3063 dedille
740 3030 832 3063 manus.

269 3090 329 3155 Qut
340 3089 393 3141 Dea
410 3091 455 3140 siti
472 3105 544 3156 quare
554 3090 680 3142 famulata
690 3090 773 3143 limiue
782 3090 866 3158 templi

1076 2858 1078 2953 l
