2325 3959
294 394 434 477 Errsr.
458 378 514 475 ax
539 379 692 475 Pouro
716 403 754 471 L.
780 404 812 471 1.
852 422 922 492 297

241 523 322 579 Haeret
332 565 339 589 ,
352 534 377 579 ὅ(
392 528 530 578 οιίὶίηίὶιιω
541 522 620 576 viver'e
632 524 701 590 fingit
713 541 789 574 amor.

207 602 276 669 Saepe
288 606 360 655 refert
370 609 461 655 animus
471 605 534 653 lusus
544 607 659 668 gravitate
672 618 774 667 carentes
786 619 793 650 a

242 684 307 732 Seria
323 700 379 732 cum
396 681 489 749 liquidi
502 684 561 746 saepe
574 684 666 746 perasta
677 678 733 729 fide.

207 749 286 807 Nulla
302 776 383 809 tamen
400 761 501 809 subeunt
515 761 575 807 mihi
592 774 700 823 tempora
711 755 805 808 demitis
818 758 879 817 iilis,

243 836 302 896 Quae
317 837 405 887 veliem
420 842 475 885 vitae
492 840 585 885 summa
603 832 671 884 suiffe
687 850 754 885 meae.

209 911 277 963 Ctim
288 914 373 964 domus
385 918 476 980 ingenti
487 913 566 963 subitb
580 930 634 961 mea
650 913 713 978 lapsa
726 912 794 961 ruina

239 990 373 1052 Concidit,
384 996 410 1041 in
420 990 513 1041 domini
525 992 700 1056 procubuitque
716 1004 796 1055 eaput.

208 1065 295 1118 Adfuit
305 1070 346 1119 ille
356 1072 430 1130 mihi,
448 1071 503 1119 crim
518 1086 571 1134 pars
587 1085 626 1119 me
640 1084 726 1134 magna
743 1066 857 1133 reliquit,

242 1146 348 1197 Maxime
359 1166 367 1207 3
380 1150 489 1197 fortunae
500 1165 543 1197 nec
555 1148 602 1197 fuit
612 1148 661 1212 ipse
673 1162 761 1196 comcs.
804 1212 806 1217 Ι

208 1222 283 1273 Ilium
294 1229 339 1291 egb
349 1243 399 1274 non
408 1226 477 1277 aliter
487 1225 585 1275 flentem
596 1242 649 1273 mea
660 1224 743 1273 funera
752 1223 819 1283 vidi,

245 1302 371 1352 Ponendus
383 1302 457 1368 quim
472 1306 491 1352 ri
504 1302 576 1351 frater
592 1306 617 1350 in
633 1306 687 1365 igne
701 1301 771 1349 foret.

211 1378 287 1427 Bresit
300 1383 325 1427 in
337 1381 464 1444 amplexu,
476 1379 658 1443 consolaturque
673 1382 792 1442 jacentem
806 1377 838 1425 est
853 1396 859 1425 t

245 1456 357 1521 Cumque
367 1460 426 1505 meis
437 1456 548 1519 lacrymis
558 1458 654 1505 miscuit
668 1470 741 1520 usque
753 1457 813 1504 suas.

213 1530 252 1581 O!
266 1536 375 1597 quoties,
387 1537 442 1583 vite
458 1535 533 1583 rusios
545 1536 634 1583 invisus
645 1550 747 1592 amarae,

247 1610 376 1660 Continuit
387 1627 508 1676 promptas
519 1614 544 1659 in
556 1628 609 1660 mea
620 1611 668 1659 fata
679 1610 778 1659 manua!
853 1603 857 1605 ’

211 1688 248 1736 O!
262 1693 355 1754 quoties
365 1688 442 1748 dixit,
454 1689 578 1738 Placabiiis
591 1692 625 1739 ira
635 1690 743 1738 Deorum
755 1689 795 1737 cst.

246 1766 321 1827 vive,
332 1785 376 1817 uec
388 1769 478 1831 ignosci
490 1782 515 1816 tu
527 1769 570 1816 tibi
580 1764 647 1833 posse
658 1783 727 1832 nega.

212 1844 269 1894 Vox
279 1861 358 1894 tamen
376 1846 418 1895 illa
431 1846 478 1894 fuir
489 1847 656 1905 celeberrima,
668 1846 765 1909 Respice
777 1860 893 1910 quantum

245 1922 338 1971 Debear
349 1922 429 1970 auxilii
442 1924 561 1972 Maximus
573 1920 619 1970 effe
633 1924 685 1970 tibi.

213 1998 333 2048 Maximus
349 1999 492 2056 incumbet,
510 1999 605 2065 quique
623 2000 654 2047 est
671 2002 772 2063 pietate,
785 2000 893 2062 rogabit,

246 2076 284 2125 Ne
294 2080 325 2126 sit
333 2074 363 2125 ad
375 2091 506 2125 extremum
517 2075 617 2125 Caesaris
627 2078 661 2125 ira
673 2091 751 2123 tenax.

213 2151 327 2219 Cumque
341 2155 387 2202 suit
404 2153 481 2202 fratris
498 2156 559 2202 vires
576 2149 714 2213 adhibebit,
726 2158 750 2203 &
762 2170 877 2215 omnem,

247 2231 303 2292 Qui>
315 2231 389 2281 leviris
400 2230 495 2285 doleas,
513 2234 644 2295 experietur
660 2246 740 2295 opem.

215 2310 273 2360 Haec
290 2312 352 2359 mihi
368 2304 441 2359 verba
456 2308 527 2358 rnalae
540 2312 679 2359 minuerunt
694 2307 763 2357 radia
777 2312 831 2359 vitae
847 2329 853 2358 ε

247 2388 306 2449 Qua·
322 2404 365 2447 tu,
380 2404 417 2437 ne.
425 2387 530 2446 suerint,
542 2388 665 2447 Maxime,
677 2403 752 2446 vana,
765 2403 833 2452 cave.¹

174 2518 180 2523 ,
214 2466 267 2516 Huc
284 2483 398 2531 quoque,
416 2481 544 2515 venturum
559 2468 620 2513 mihi
637 2467 660 2514 se
677 2467 754 2529 jurare
771 2464 882 2523 solebam

247 2543 306 2592 Non
323 2546 367 2591 nisi
386 2558 409 2591 te
425 2542 503 2607 longae
519 2546 556 2605 jur
573 2544 618 2591 ribi
634 2540 705 2593 dante
719 2546 773 2593 vite.

216 2618 279 2668 Nam
298 2634 340 2668 tua
353 2635 403 2669 non
420 2619 468 2667 aiio
487 2619 563 2667 coluit
580 2621 710 2684 penetralia
727 2624 792 2681 ritu,

249 2698 376 2745 Terrarum
387 2693 499 2745 dominos
510 2697 585 2761 quim
600 2698 659 2747 colis
672 2700 721 2762 ipse
731 2698 806 2749 Deos.

198 2819 200 2823 ,
217 2772 297 2824 Crede
307 2776 368 2824 mihi
379 2791 385 2822 ε
397 2773 487 2822 multos
496 2775 584 2822 babeas
593 2774 649 2823 cirm
660 2773 745 2841 dignus
756 2780 863 2839 amicos,

249 2851 306 2901 Non
316 2851 364 2900 fuit
375 2851 480 2902 emulris
493 2850 603 2916 quolibet
617 2852 658 2901 ille
673 2855 765 2902 minor.
807 2910 809 2915 ,
838 2906 840 2912 y

215 2930 241 2978 Si
258 2927 336 2979 modb
352 2945 397 2978 nec
414 2930 513 2989 census,
529 2944 573 2978 nec
592 2930 683 2979 tiaruin
701 2947 791 2981 nomen
809 2947 928 2991 avorum,

249 3004 295 3057 Sed
305 3007 411 3071 probitas
420 3022 537 3071 magnos,
548 3010 734 3075 ingeniumque,
748 3008 814 3058 facit.
947 3015 978 3057 ⁴¹0

216 3084 270 3135 Jure
280 3086 353 3151 igitur
363 3084 478 3149 iacrymas
488 3083 562 3137 Celso
573 3084 675 3140 libamus
685 3085 798 3141 ademto,

737 3212 740 3219 ,
762 3168 785 3218 N
805 3186 821 3219 v
