2325 3959
292 392 359 457 340
387 398 390 401 ·
432 366 473 439 P.
504 365 884 441 OururrNAsours

319 492 403 542 Livia?
418 492 468 555 jam
485 490 562 541 nullas
578 489 638 541 dant
656 492 700 541 tibi
718 493 782 542 bella
796 511 888 544 moras.
977 524 980 530 ·

287 566 380 616 Perfida
401 565 524 619 damnatas
546 569 675 620 Germania
690 574 789 636 projicit
804 573 882 621 hastas
901 590 910 622 e

102 684 106 709 ,
190 649 193 657 ’
254 642 256 646 ’
318 647 371 695 Jarrr
387 644 481 711 pondus
498 646 561 695 dices
582 663 654 695 omen
672 649 757 696 habere
777 665 871 699 meum.

285 709 380 770 Crede,
399 712 511 777 brevique
530 708 589 760 fides
609 709 702 770 aderit,
719 716 852 777 geminabit
867 716 1004 770 honorem

239 783 284 818 rto
317 775 410 836 Filius,
428 780 452 825 ὃς
470 778 569 841 jundis,
585 789 612 823 ut
630 776 711 840 priris,
729 778 774 826 ibit
785 782 861 845 equis.

284 855 390 914 Prome,
404 851 471 921 quod
487 856 577 918 injicias
594 855 698 902 humeris
707 856 851 916 vidorrbus,
868 856 985 907 ostrum.

317 934 370 998 Ipsa
389 932 466 997 potest
483 930 581 979 solitum
596 926 664 979 nosse
680 947 769 979 corona
783 946 866 996 caput.
915 930 920 937 ’

284 1014 368 1065 Scuta,
391 1008 432 1058 sed
450 1012 475 1057 ὃ(
493 1006 566 1073 galeae
584 1010 686 1074 gemmis
700 1006 821 1058 radientur
835 1013 862 1058 δι
877 1026 964 1072 auro,

316 1092 429 1153 Srentque
446 1088 514 1150 super
530 1088 622 1135 vindos
639 1102 723 1135 trunca
739 1101 827 1151 tropea
841 1090 926 1139 viros.

238 1150 379 1219 ¹⁰50ppida
400 1152 490 1201 turritis
509 1153 636 1215 cingantur
653 1153 757 1199 eburnea
774 1155 868 1213 muris,

315 1232 424 1295 fidaque
443 1245 478 1277 res
497 1245 554 1278 vero
574 1244 642 1277 more
659 1244 756 1293 putetur
773 1232 819 1293 agi.

282 1306 408 1373 Squalidus
426 1304 543 1355 immiffos
562 1305 636 1355 fredi
651 1307 694 1354 sub
710 1304 824 1355 arundine
845 1310 934 1359 crines

315 1386 431 1445 Rhenus,
451 1388 476 1433 δι
497 1382 595 1433 infense
612 1385 725 1448 sanguine
738 1399 819 1449 portet
833 1401 928 1449 aquas.

282 1463 384 1513 Barbara
401 1468 450 1529 jam
471 1464 533 1527 eapti
550 1463 653 1527 poscunt
667 1464 770 1526 insignia
787 1464 885 1527 Reges,

183 1531 185 1537 ¹
236 1554 283 1591 κιο
316 1542 437 1607 Textaque
455 1538 552 1589 fortuni
570 1537 685 1588 divitiora
700 1540 752 1590 sui.

282 1618 313 1666 Et
334 1634 386 1683 quae
402 1632 513 1681 praeterea
528 1619 602 1666 virtus
615 1619 703 1666 invida
718 1631 815 1666 tuorum

316 1696 475 1759 Saepe-parata
493 1694 557 1753 tibi,
578 1696 638 1759 [repe
653 1692 757 1759 paranda
773 1695 842 1744 facit.

284 1771 318 1823 Di
336 1788 438 1839 quorum
457 1774 551 1820 monitu
568 1774 648 1821 sumus
667 1788 778 1823 eventura
795 1774 898 1834 locuti,

315 1851 414 1911 Verba,
432 1865 532 1915 precor,
551 1850 622 1899 celeri
635 1850 713 1899 nostra
729 1851 826 1915 probate
841 1850 905 1901 fide.

288 1968 1003 2041 ιτ-ιπεεὲ-ἤμπ-εξω

465 2113 733 2177 EPISTOLA
772 2114 814 2176 V.

388 2260 636 2324 MAXIMO
672 2260 737 2322 CO
758 2260 890 2325 TTAE.

358 2437 419 2473 uass
431 2421 503 2487 legis,
516 2419 577 2469 unde
589 2420 634 2469 ribi
645 2424 753 2471 mittatur
766 2422 881 2488 epistola,
894 2431 1004 2491 queris?

317 2500 400 2560 Hinc,
415 2501 456 2550 ubi
472 2498 576 2548 caeruleis
591 2502 699 2563 jungitur
718 2500 773 2550 Ister
791 2503 868 2566 aquis.

284 2580 319 2629 Ut
333 2582 398 2645 regio
414 2577 475 2628 diua
489 2578 534 2637 est,
552 2578 685 2627 succurrere
706 2575 777 2627 debet
798 2582 823 2625 δι
843 2581 947 2642 audior,

316 2656 394 2707 Laesus
411 2657 440 2708 ab
460 2658 557 2719 ingenio
573 2654 638 2704 Naso
655 2661 725 2719 po'e'ta
743 2657 794 2703 suo.

226 2732 249 2807 ’ς
285 2734 332 2795 Qui
350 2735 414 2794 tibi,
432 2749 505 2804 quarn
526 2731 610 2784 mallet
628 2733 727 2797 praesens
741 2729 825 2782 afferre
837 2733 966 2801 salutem,

317 2813 397 2861 Mittit
415 2812 444 2859 ab
461 2811 576 2868 hirsutis,
597 2809 703 2857 Maxime
722 2808 815 2868 Cotta,
831 2810 912 2861 Getis.

285 2892 397 2953 Legimus
408 2922 416 2946 ,
426 2884 457 2935 'ol
470 2886 580 2952 jdrenis,
598 2888 669 2950 patrii
684 2901 734 2935 non
748 2884 850 2953 degener
864 2892 916 2937 oris
924 2925 935 2950 ,

317 2969 386 3017 Diua
403 2965 447 3015 tibi
463 2964 534 3028 pleno
549 2965 622 3014 verba
637 2962 723 3013 diserta
738 2962 802 3012 foro.

286 3046 504 3118 Qu2,qrramquanr
513 3040 595 3116 lingui
602 3043 663 3094 mihi
670 3043 724 3095 sunt
730 3057 871 3111 properante
878 3060 925 3111 per
931 3047 1011 3103 horas
