2325 3959
294 422 435 493 EPJST.
452 434 509 493 Ex
527 422 681 493 ΡοΝΤο
699 423 738 491 L
761 419 828 492 IV.
857 431 900 511 36
906 444 918 514 5

240 536 273 593 Et
289 560 368 596 torum
384 544 497 595 Numida
509 544 620 610 sculptile
633 543 711 594 dentis
725 560 794 610 opus.

207 616 241 669 At
255 621 310 672 crim
326 625 437 689 Tarpeiae
451 620 508 671 effes
525 621 639 672 dedueiut
656 626 683 672 in
703 639 787 685 arces,

239 697 308 751 Dum
322 700 417 751 caderet
426 698 488 767 jussu
502 703 599 751 rielima
613 702 678 750 sacra
692 714 749 758 tun,
929 726 959 769 ,ο

208 774 252 825 Me
262 794 357 845 quoque
368 778 458 829 secretd
469 793 545 843 grates
555 780 601 829 sibi
610 795 710 844 magnus
720 792 830 845 agentem

241 854 366 916 Audlffet‚
378 855 459 907 mediet
468 860 511 922 qui
521 854 588 905 sedet
597 854 664 916 aede,
675 856 750 905 Dent.

209 930 321 999 Turaque
331 950 411 985 mente
421 938 496 999 magis
507 934 596 999 pleni,
607 933 682 999 quint
692 932 777 995 lance,
787 930 903 984 dedissem

241 1011 290 1061 Ter
301 1027 401 1078 quater,
412 1015 507 1079 imperii
519 1012 586 1062 iretur
598 1016 689 1062 honore
700 1015 745 1062 tui.

208 1082 257 1136 Hic
269 1105 314 1154 ego
323 1092 447 1154 praesentes
457 1094 519 1140 inter
530 1106 667 1140 numerarer
677 1093 785 1151 amicos,
947 1103 974 1148 35

239 1166 311 1215 Miria
320 1171 357 1233 jut
368 1169 431 1217 urbis
441 1171 460 1217 si
471 1166 547 1219 modd
558 1168 609 1219 fata
618 1167 712 1220 darent.

210 1241 317 1309 Quaque
328 1248 389 1295 mihi
400 1244 452 1295 sold
463 1248 554 1310 capitur
565 1261 629 1294 nunc
639 1261 720 1295 mente
730 1244 858 1311 voluptas,

237 1322 307 1371 Tunc
317 1323 394 1372 oculis
404 1324 476 1372 etiam
487 1320 639 1387 percipienda
648 1322 722 1372 foret.

208 1397 267 1451 Non
278 1403 313 1449 ira
323 1400 454 1451 Coelitibus
464 1402 543 1450 visum
555 1400 605 1460 eli,
616 1403 641 1449 δι
652 1400 752 1450 forsitan
762 1402 835 1467 aquis
846 1418 853 1449 e

245 1476 310 1527 Nam
322 1476 381 1544 quid
392 1494 431 1527 me
442 1490 519 1544 poenae
530 1480 600 1529 causa
609 1494 695 1545 negata
704 1483 785 1545 juver?
944 1497 977 1543 4⁰

208 1554 293 1607 Mente
305 1570 385 1607 tamen
394 1590 403 1617 ,
413 1574 466 1623 quae
480 1558 530 1608 sola
538 1557 598 1607 loco
608 1575 659 1607 non
669 1558 775 1613 exsulat,
788 1573 841 1608 utar
851 1576 858 1609 r

184 1668 187 1674 ·
240 1634 397 1695 Praerexram,
412 1634 486 1687 fasces
497 1637 658 1702 aspiciamque
668 1651 733 1686 tuot.

208 1710 267 1762 Haec
282 1711 359 1762 modi>
370 1727 393 1762 te
408 1712 499 1779 populo
513 1712 654 1765 reddentem
671 1718 724 1781 jura
737 1714 830 1768 ridebit
838 1732 847 1777 ς

240 1790 273 1839 Et
287 1793 311 1839 se
322 1792 416 1841 secretis
427 1789 503 1857 finget
514 1790 592 1842 adesse
603 1793 675 1843 locis.

208 1866 280 1920 Nunc
292 1868 360 1933 longi
371 1867 460 1919 reditur
473 1870 543 1919 haste
553 1871 685 1934 supponere
697 1870 763 1920 lustri
944 1889 975 1935 45
1015 1924 1018 1927 ,

242 1944 333 1995 Cernet
342 1979 350 2003 ‚
359 1948 388 1993 ’δε
400 1946 480 1995 exacta
491 1948 574 1995 cunila
585 1947 664 1995 locare
674 1945 731 1996 fide.

208 2021 280 2081 Nunc
293 2022 406 2071 facere-in
418 2020 500 2071 medio
512 2020 643 2072 facundum
654 2026 726 2075 verba
735 2025 839 2086 Senatu,

241 2098 342 2149 Publica
352 2114 498 2165 querentem
508 2098 569 2165 quid
579 2115 646 2165 petat
657 2100 755 2151 utilitas.

208 2176 299 2237 Nune,
311 2194 355 2243 pro
367 2176 517 2237 Caesaribus,
529 2179 623 2241 Superis
634 2176 759 2228 decernere
768 2195 844 2245 grater
854 2198 863 2239 3

247 2254 334 2312 Albave
343 2257 483 2320 opimorum
494 2254 558 2304 colla
569 2255 639 2304 ferire
651 2256 735 2304 boum.
947 2281 979 2331 50

207 2334 287 2401 Atque
299 2335 410 2391 utinam,
421 2330 476 2381 ctlm
487 2334 537 2397 iam
549 2331 621 2381 furris
631 2335 727 2397 potiora
737 2346 861 2395 precatus,

242 2410 278 2460 Ut
289 2414 350 2478 rnihi
363 2410 471 2475 placetur
481 2412 586 2459 numinis
601 2413 653 2471 ira,
664 2409 749 2475 roges!

208 2491 294 2553 Surgat
306 2486 338 2540 ad
347 2491 409 2537 hanc
420 2506 504 2539 vocem
513 2488 585 2553 pleni
595 2492 647 2553 pius
657 2491 719 2553 ignit
726 2487 757 2539 ab
767 2504 824 2550 ara,

241 2566 338 2629 Detque
348 2565 440 2611 bonum
456 2579 515 2613 voto
530 2564 624 2613 lucidus
638 2581 711 2614 omen
729 2581 796 2629 apex.

208 2640 317 2693 Interea,
327 2638 376 2704 qui
387 2654 452 2702 parte
464 2639 536 2698 licet,
547 2656 577 2688 ne
588 2644 671 2689 cunsia
681 2656 824 2705 queramur,
946 2670 976 2721 55

242 2714 290 2777 Hic
301 2730 398 2781 quoque
409 2730 432 2764 re
443 2715 529 2765 felium
541 2715 648 2765 Consule
658 2732 750 2780 tempus
761 2736 839 2783 agam.

206 2792 289 2846 Altera
299 2792 405 2851 laetitiae,
417 2809 461 2841 nec
473 2791 558 2843 cedens
569 2795 639 2842 causa
648 2796 740 2859 priori,

179 2878 181 2889 ’
241 2868 363 2922 Successor
379 2873 439 2919 tanti
451 2870 524 2921 frater
535 2874 648 2929 honoris,
662 2873 716 2919 erit.

205 2950 271 3001 Nam
283 2950 328 2999 tibi
339 2946 435 2997 finitum
447 2949 555 3003 summo,
568 2950 677 2999 Cratine
684 2982 694 3011 ,
705 2948 835 3003 Decembri

237 3027 381 3093 Imperium,
393 3026 446 3075 lani
456 3028 553 3091 suscipit
563 3026 606 3077 ille
619 3025 668 3077 die.
939 3062 973 3102 60

203 3104 312 3173 Quaque
322 3104 354 3155 est
362 3106 389 3155 ln
398 3104 466 3157 vobis
474 3106 568 3171 pieres,
580 3105 672 3157 alterna
682 3105 763 3158 feretis

739 3189 765 3262 Q
782 3188 813 3262 iij
