2325 3959
289 434 562 505 Yrrrtrrurr
587 426 777 497 irnrt'.
830 446 897 510 247

121 582 126 587 ·
220 554 283 605 Imus
293 555 323 606 ad
334 559 436 621 insignes
446 554 518 603 Urbis
529 554 558 602 ab
569 567 618 601 arte
630 554 703 600 viros.

186 630 267 681 Frater
277 632 307 683 ad
319 634 443 699 eloquium
454 630 525 681 viridi
537 628 650 679 tendebat
660 629 689 676 ab
700 641 770 685 arvo,

218 710 299 757 fortia
309 711 402 759 verbosi
413 724 481 757 natus
492 705 523 756 ad
533 723 599 755 arma
609 706 673 753 Fori.

187 788 218 833 Ar
229 789 289 835 mihi
300 790 348 852 ja'm
359 802 434 852 puero
443 785 547 834 coelestia
557 786 622 833 saera
633 780 775 846 placebant,

222 863 298 929 Inque
307 866 373 912 suum
384 864 469 913 furtim
482 863 552 913 Musa
564 861 672 910 trahebat
679 872 748 921 opus.

188 941 252 1004 Saepe
263 954 329 1007 pater
341 940 417 1001 dixit,
429 940 539 991 Studium
552 938 611 1005 quid
622 937 708 987 inutile
719 935 812 985 tentas?

219 1018 351 1069 Maeonides
365 1020 442 1069 nuiias
452 1022 501 1085 ipse
512 1018 610 1084 reliquit
621 1032 687 1081 opes.

187 1094 270 1145 Motus
281 1114 345 1147 erem
356 1096 423 1147 ditiis
435 1117 440 1146 r
454 1112 554 1163 totoque
562 1090 789 1149 iieiicorrereiiiio‚

219 1176 325 1225 Scribere
334 1178 437 1225 conabar
447 1178 519 1226 verba
530 1174 609 1224 soluta
622 1170 711 1221 modis.

189 1252 278 1314 Sponte
287 1254 331 1303 sui
340 1264 436 1302 carmen
447 1268 559 1303 numeros
569 1252 681 1301 veniebat
693 1244 724 1297 ad
732 1260 802 1311 aptos
807 1258 817 1302 1ς

219 1327 270 1387 Et,
288 1328 354 1393 quod
364 1332 488 1379 tentabam
502 1330 598 1383 dicere,
612 1330 691 1377 versus
705 1336 766 1374 erat.

87 1416 98 1425 ’
188 1405 298 1465 interea,
311 1409 385 1455 tacito
394 1400 459 1472 pario
471 1408 605 1456 iubentibus
618 1408 699 1457 annis.

222 1482 332 1533 Liberior
343 1483 410 1533 fratri
421 1485 515 1539 sumta,
527 1486 635 1549 mihique
647 1516 655 1543 ,
667 1496 723 1547 toga
734 1477 781 1529 est:

187 1558 345 1628 induiturque
356 1564 469 1612 humeros
475 1578 533 1611 eam
545 1562 596 1611 iero
601 1576 705 1626 purpura
713 1558 800 1614 ciav05

220 1638 251 1687 Et
261 1637 364 1688 studium
372 1643 459 1700 nobie,
473 1639 541 1706 quod
552 1640 599 1688 fuit
610 1654 663 1687 ante
674 1671 682 1697 ‚
694 1650 784 1686 manet.

187 1720 288 1785 Jamque
305 1718 454 1771 decemuitte
465 1720 537 1770 irater
549 1720 712 1785 geminaverat
725 1724 818 1775 annos,

214 1794 280 1845 Cum
293 1799 369 1859 perir,
382 1799 407 1844 ὃ(
417 1798 482 1860 <tupi
493 1804 558 1859 parte
568 1804 649 1841 curere
659 1793 716 1840 mei.

164 1937 167 1943 ἢ
190 1871 307 1937 Cepimus
317 1875 344 1921 δι·
353 1888 437 1921 tenere
446 1875 536 1936 primos
543 1873 619 1920 tiaris
629 1872 748 1922 honores,

222 1950 288 2014 Eque
300 1946 486 2013 virisquoudam
497 1960 549 2011 pars
559 1948 689 1995 tributaria
697 1945 742 1992 fui.

189 2023 265 2075 Curia
273 2024 385 2073 restabat:
396 2024 457 2073 clevi
468 2025 578 2071 mensura
587 2024 668 2071 coatia
676 2021 717 2069 est.

222 2102 303 2168 Majus
314 2117 362 2150 erat
373 2102 457 2150 nostris
467 2102 557 2149 ritibus
567 2097 630 2149 iliud
640 2112 709 2146 otrus.

190 2179 242 2230 Nec
254 2182 345 2245 patiens
356 2194 455 2244 corpus,
464 2194 508 2226 nec
517 2191 584 2224 mens
597 2175 643 2223 fuit
653 2188 707 2239 apta
715 2173 810 2233 labori3

224 2258 377 2324 Solicitaeque
388 2257 460 2321 fugax
471 2256 611 2304 ambitionis
621 2262 700 2301 eram:

190 2337 222 2387 Et
234 2352 313 2403 perere
324 2337 406 2385 Aonie
419 2332 549 2383 suadebant
560 2346 611 2380 tuta
624 2333 720 2379 Sorores

221 2414 291 2473 Otia,
303 2411 394 2478 iudicio
405 2414 497 2477 semper
508 2426 586 2459 amata
598 2420 663 2457 meo.

190 2493 317 2557 Temporis
326 2492 390 2539 iilius
396 2490 462 2539 colui
470 2490 569 2555 fovique
575 2492 658 2553 pot'tas
668 2504 675 2533 r

223 2570 337 2634 Quotque
348 2567 445 2617 aderant
453 2582 536 2622 vates,
547 2568 615 2615 rebar
625 2561 704 2615 edeffe
714 2564 790 2613 Deos.
867 2590 871 2595 ·

193 2649 256 2711 Saepe
267 2646 436 2696 suaevolutres
444 2646 502 2709 legit
512 2646 572 2693 mihi
584 2642 697 2708 grandior
707 2658 757 2691 aevo
769 2676 777 2702 ,

225 2725 331 2789 Quaeque
342 2738 413 2772 nocet
424 2725 515 2787 serpens
526 2757 532 2780 ‚
546 2736 598 2787 quae
607 2726 673 2785 juvet
684 2721 771 2779 herba,
782 2718 874 2769 Meter.

194 2803 259 2866 Saepe
275 2803 329 2850 suos
340 2800 423 2849 solitus
431 2803 530 2849 reeitare
539 2801 676 2863 Propertius
685 2802 767 2863 ignes,
927 2812 955 2857 415

225 2881 279 2929 Jure
290 2876 395 2927 sodalitii
406 2880 447 2943 qui
455 2880 515 2925 mihi
526 2880 618 2942 juutius
628 2891 686 2925 eret.

193 2960 307 3008 Ponticus
318 2956 419 3014 Heron,
438 2951 518 3005 Belius
530 2970 627 3020 quoque
640 2954 715 3003 clatris
725 2954 810 3007 lambo

227 3034 314 3082 Dulcia
325 3030 447 3081 convitiis
459 3032 567 3080 membra
579 3030 644 3081 fuere
656 3034 713 3081 mei.

194 3114 226 3165 Et
237 3114 313 3164 tenuit
322 3109 412 3161 nostras
424 3110 564 3161 numerosus
574 3109 688 3161 Horatius
702 3122 786 3164 aures,

739 3185 759 3235 L
776 3187 801 3236 ir
851 3211 853 3217 ·
