2325 3959
263 406 327 486 366
378 398 420 465 P.
460 398 617 466 OV1D11
652 402 848 469 NAsoms

291 518 401 578 Gaudia,
413 535 439 569 tu
450 520 529 571 fratris
540 520 657 581 fascibus,
669 521 711 571 ille
722 526 782 573 cuia.

258 600 296 647 Sic
308 612 333 646 tu
345 599 379 646 bis
391 598 462 648 fueris
473 598 566 649 Consul
573 601 630 654 ,bis
641 600 735 651 consu
746 605 771 650 ἃ(
782 600 824 651 ille
831 618 840 659 3

294 677 368 743 Inque
380 675 456 727 domo
467 679 545 727 bimus
555 680 714 743 conspicietur
725 682 813 727 honor.

212 774 239 819 ες
260 754 308 815 Qui
319 770 466 821 quamquam
476 756 509 805 est
518 760 616 821 ingens,
627 762 653 806 &
662 747 758 806 nullum
770 758 859 806 Marcia
867 759 965 807 summo

294 831 371 883 Altius
381 835 508 898 imperium
519 833 627 884 Consule
637 836 716 883 Roma
725 833 810 893 videt3

261 910 412 977 Multiplicat
422 927 503 962 tamen
514 914 578 962 hunc
589 917 691 977 gravitas
701 916 803 963 eustorii
812 916 933 964 honorem
943 933 951 963 ι

295 988 326 1037 Et
337 989 486 1055 Maiestatem
497 1008 533 1041 res
544 989 601 1040 data
612 990 690 1041 dantis
700 994 782 1041 habet.

262 1064 360 1116 iudiciis
372 1071 444 1132 igitur
455 1068 526 1118 liceat
536 1069 671 1135 Flaccoque
681 1073 774 1137 tibique

215 1156 247 1199 70
297 1140 395 1191 Talibus
404 1144 501 1209 Augusti
512 1159 606 1210 tempus
615 1149 641 1194 in
652 1164 724 1196 omne
735 1147 793 1196 frui.

264 1220 299 1271 Ut
309 1234 390 1271 tamen
400 1238 414 1271 a
424 1238 504 1271 rerum
515 1222 572 1271 curi
581 1227 693 1289 propiore
704 1226 800 1275 vacabit
809 1241 819 1284 5

297 1300 362 1349 Vota
372 1317 455 1365 precor
465 1304 529 1350 votis
538 1300 620 1350 addite
630 1303 704 1352 vestra
713 1307 783 1353 meis.

266 1378 313 1440 Et,
325 1381 344 1427 si
355 1395 427 1444 quem
439 1377 505 1429 dabit
514 1396 571 1429 aura
580 1382 678 1441 sinum,
690 1381 767 1431 laxate
776 1379 906 1442 rudentee,

300 1458 373 1509 Exeat
385 1474 397 1507 e
409 1460 495 1523 Stygiis
508 1474 534 1507 ut
546 1476 600 1508 mea
612 1462 679 1509 navis
690 1463 768 1526 aquil.

218 1548 251 1601 75
268 1536 366 1585 Praefuic
376 1539 429 1595 his,
441 1537 568 1596 Graecine,
580 1536 640 1590 locis
651 1536 727 1587 modi>
737 1538 852 1598 Flaccua;
861 1542 886 1589 δι
897 1538 945 1592 ill·

300 1614 361 1679 Ripa
372 1614 439 1663 ferox
450 1615 502 1664 istri
513 1617 555 1664 sub
567 1612 627 1664 duce
638 1631 690 1665 cuca
700 1616 756 1666 fuit.

268 1692 315 1742 Hic
328 1696 404 1743 tenuit
414 1694 494 1756 Mysas
504 1710 586 1758 gentes
596 1698 622 1743 iu
631 1711 689 1759 pace
699 1693 765 1745 fideli
776 1714 784 1745 a

301 1771 349 1820 Hic
361 1788 416 1820 arcu
426 1771 482 1820 fisos
492 1776 576 1821 cerruit
586 1774 640 1821 ense
650 1774 733 1824 Getas.

270 1850 315 1900 Hic
326 1866 419 1917 raptam
433 1850 547 1901 Trosmin
557 1850 629 1900 celeri
640 1854 728 1901 virtute
739 1852 844 1918 recepit,

222 1925 253 1973 80
302 1928 435 1995 Infecitque
446 1930 498 1979 fero
509 1931 622 1995 sanguine
631 1929 780 1980 Danubium.

270 2006 355 2067 Quaere
364 2007 413 2056 loci
424 2007 509 2057 faciem
519 2044 528 2067 ,
542 2010 696 2075 Scythicique
707 2008 866 2062 incommoda
880 2010 955 2072 coeii3

303 2086 333 2135 Ec
344 2088 417 2153 quim
429 2090 510 2138 vicino
522 2102 609 2137 terrear
620 2088 702 2147 hoste,
715 2104 782 2152 roga.

271 2166 353 2214 Sincne
368 2164 416 2214 litae
427 2180 508 2215 tenues
524 2168 637 2231 serpentis
651 2167 707 2216 felle
722 2169 833 2232 sagittet

303 2238 321 2285 F
322 2240 355 2287 iat
365 2254 396 2288 an
404 2240 537 2289 humanum
546 2242 643 2290 vieiima
654 2238 705 2289 dira
718 2254 799 2304 caput.

222 2306 251 2365 ⁸5
271 2315 391 2374 Mendai,
402 2332 431 2364 an
443 2322 511 2366 co'e'at
520 2315 617 2366 duratus
629 2318 718 2383 frigore
732 2333 836 2383 pontus,

304 2393 335 2442 Et
346 2408 425 2443 teneat
434 2393 521 2458 glacies
531 2399 613 2460 jugera
623 2398 700 2446 multa
711 2398 775 2447 freti.

272 2471 330 2521 Haec
341 2474 382 2521 ubi
393 2472 508 2532 narrarit,
520 2489 572 2539 quae
584 2477 615 2523 sic
623 2492 676 2524 mea
687 2476 769 2537 fama,
779 2478 889 2543 requirc3

306 2549 408 2616 Quique
420 2549 495 2599 modo
507 2568 620 2616 peragam
632 2552 827 2619 tempora'dura,
838 2570 907 2619 roga.

273 2628 325 2678 Nec
335 2629 415 2678 sumus
426 2628 465 2679 hic
476 2626 551 2690 odio,
561 2647 605 2680 nec
616 2630 760 2682 sciliceteffe
768 2649 904 2681 meremur:

225 2724 257 2768 90
307 2706 358 2756 Nec
370 2724 425 2756 cum
436 2709 541 2759 Fortuui
552 2726 619 2758 mens
629 2727 725 2776 quoque
735 2713 800 2760 versa
811 2711 866 2761 mei
876 2710 918 2762 est.

273 2786 318 2835 Illa
329 2789 395 2852 quies
407 2789 503 2845 animo,
518 2789 592 2855 quim
604 2804 630 2837 tu
641 2788 737 2838 laudare
746 2789 852 2849 solebas,

308 2865 352 2914 Ille
363 2881 429 2915 vetus
440 2866 512 2916 solito
522 2867 608 2931 perstat
619 2870 644 2915 in
655 2884 696 2915 ore
706 2865 792 2932 pudor.

275 2948 313 2996 Sic
325 2963 370 3010 ego
378 2948 430 2995 sum
441 2944 525 3010 longi,
537 2949 570 2994 sic
581 2945 640 3004 hic,
651 2948 693 2993 ubi
700 2947 810 2994 barbarus
820 2944 911 2999 hostia,

308 3024 343 3073 Ut
355 3023 404 3072 fera
416 3023 468 3088 plus
479 3023 574 3072 valeant
585 3023 675 3088 legibus
686 3040 766 3081 arma,
777 3022 849 3079 facin

228 3112 258 3159 95
279 3105 312 3155 Re
324 3118 394 3171 queat
405 3118 432 3153 ut
440 3102 508 3158 nulli
518 3119 556 3153 coc
564 3107 630 3171 jam,
641 3104 750 3155 Graecine
756 3136 767 3165 ,
777 3117 819 3168 pec
830 3116 907 3152 annea
