2325 3959
287 450 352 532 278
420 443 463 513 P.
496 448 652 542 Ournn
680 447 877 515 NAsonrs

302 614 1008 688 ca-QQ-:aev

453 774 722 835 EPISTOLA
763 774 816 835 ΙΙ.
876 824 878 827 .

433 961 436 967 ,
486 896 786 993 MAxrrroi

281 1022 471 1151 Minerua,
487 1096 528 1157 qui
537 1096 596 1142 tanti
609 1094 742 1143 mensuram
752 1096 857 1143 nominis
869 1095 970 1161 impiet
979 1130 992 1155 ,

313 1168 343 1217 Et
357 1173 463 1232 geminas
474 1174 548 1218 animi
558 1171 684 1220 nobilitate
694 1187 767 1236 genus
779 1190 785 1219 ι

281 1245 329 1306 Qui
342 1247 406 1295 nasci
421 1262 447 1296 ut
458 1244 551 1313 posses,
567 1252 677 1313 quamvis
687 1246 794 1298 cecidere
808 1252 932 1308 trecenti,

314 1324 370 1374 Non
380 1342 463 1385 omnes
474 1327 559 1374 Fabios
570 1325 666 1374 abstulit
677 1342 723 1374 una
735 1324 801 1384 dies,

250 1419 260 1463 ς
281 1402 405 1461 Forsitan,
423 1405 473 1451 hac
485 1419 555 1468 aquo
566 1406 676 1451 mittatur
687 1402 799 1467 epistola,
812 1418 904 1468 quaras
919 1422 929 1461 3
953 1414 958 1422 '

312 1481 407 1546 Quique
424 1479 508 1546 loquar
525 1496 620 1540 tecum,
635 1484 722 1530 certior
734 1478 780 1530 effe
795 1483 863 1532 veiis.

279 1559 325 1628 idei
336 1561 395 1607 mihi
406 1559 414 1606 l
429 1556 488 1624 quid
504 1557 591 1607 fatiam
604 1562 612 1607 ?
627 1574 726 1618 vereor,
744 1575 791 1617 ne,
802 1561 902 1607 nomine
917 1557 1006 1617 lelio,

312 1635 391 1684 Durus
407 1641 430 1684 &
445 1635 525 1683 aversi
536 1652 614 1692 cetera
625 1651 705 1685 mente
721 1636 793 1700 legas.

279 1712 373 1762 Viderit
384 1717 433 1761 hac
444 1717 463 1760 ri
473 1717 526 1778 quis
538 1748 546 1771 ,
562 1715 607 1761 tibi
618 1730 656 1761 me
668 1710 784 1777 scripsisse
795 1714 864 1763 fateri

235 1794 263 1826 ¹⁰
312 1789 426 1849 Audebo,
440 1795 464 1838 δι
475 1794 575 1855 propriis
587 1790 726 1855 ingemuisse
737 1792 814 1841 malis.

278 1866 372 1917 Viderit
383 1885 391 1925 ᾗ
401 1865 494 1917 audebo
506 1870 550 1916 tibi
560 1885 599 1917 me
611 1867 724 1933 scripsisse
733 1868 811 1928 fateri,

309 1946 387 2011 Atque
398 1944 500 1995 modum
514 1946 591 2012 culpa
605 1945 730 1996 notificare
746 1963 815 1996 mete.

278 2023 326 2084 Qui
337 2058 345 2082 ‚
356 2028 411 2072 crim
428 2041 466 2072 me
477 2024 548 2088 pctnd
563 2022 663 2089 dignum
675 2028 783 2089 graviore
795 2023 864 2074 fuisse

310 2100 451 2159 Confitear5
466 2099 561 2165 possum
572 2106 613 2151 vix
624 2105 732 2167 graviora
743 2107 801 2168 pati.

233 2172 257 2216 ’ἵ
279 2178 389 2228 Hostibus
409 2183 434 2230 in
449 2179 534 2229 mediis
547 2183 657 2245 interque
670 2181 773 2245 pericula
791 2182 885 2231 versor:

309 2258 444 2323 Tamquam
461 2274 515 2308 curn
533 2258 609 2322 patriai
620 2273 665 2323 pax
675 2260 705 2307 sit
717 2257 811 2307 ademta
822 2260 890 2306 mihi.

277 2333 342 2393 Qui,
358 2339 446 2384 mortis
455 2337 520 2384 savo
531 2337 655 2399 geminent
665 2350 691 2384 ut
700 2336 797 2387 vulnere
807 2337 884 2385 causas
895 2369 904 2394 ,

307 2413 396 2476 Omnia
406 2416 500 2478 vipereo
513 2411 604 2476 spicula
613 2412 670 2460 felle
685 2413 773 2462 linunt.

276 2488 318 2538 His
329 2506 399 2555 eques
410 2490 531 2539 instructus
542 2494 665 2553 perterrita
680 2492 770 2540 moenia
781 2490 875 2547 lustrat,

228 2574 259 2607 20
308 2566 378 2615 More
392 2566 442 2631 lupi
457 2567 546 2615 clausas
562 2570 735 2617 circumeuntis
748 2584 814 2619 ovea.

275 2645 307 2693 At
320 2679 328 2704 ,
345 2644 417 2693 semel
427 2647 533 2693 intentus
543 2660 635 2705 nervo,
649 2645 707 2697 levis
717 2662 800 2706 arcus,
817 2647 906 2710 equino

307 2722 411 2771 Vincula
421 2724 511 2787 semper
521 2725 610 2772 habens
619 2723 743 2773 irresoluta
753 2737 841 2773 manet.

271 2800 347 2848 'Testa
358 2802 434 2863 rigent
450 2799 500 2848 fixit
510 2800 586 2860 veluti
595 2800 684 2852 vallata
696 2802 803 2865 sagittis,

306 2876 425 2942 Portaque
434 2880 474 2927 vix
485 2876 555 2926 firmi
565 2879 691 2928 submovet
701 2895 767 2928 arma
778 2878 835 2927 seri.

228 2961 254 3007 ²5
274 2950 342 3002 Adde
361 2950 410 3002 loti
423 2953 526 3015 faciem,
543 2971 589 3005 nec
599 2953 705 3017 fronde,
719 2973 762 3007 nec
775 2958 857 3006 arbore
868 2955 931 3014 leti,

308 3030 339 3079 Et
353 3028 419 3096 quod
430 3034 491 3082 iners
501 3034 576 3083 hiemi
588 3037 739 3083 continuatur
750 3036 835 3084 hiems.

274 3108 321 3159 Hic
339 3125 378 3159 me
389 3125 535 3177 pugnantem
552 3127 609 3162 cum
620 3112 708 3177 frigore
720 3146 728 3174 ,
747 3128 850 3178 tumque
860 3112 964 3176 sagittis,
