2325 3959
102 428 111 439 ·
209 421 351 495 Errsr.
369 442 426 493 rx
440 424 592 493 Potrro
609 427 646 495 L
662 424 734 505 IV.¹
782 435 853 526 349

125 596 852 669 awmzeesssswwr·

305 773 551 843 LIBER
598 772 691 843 IV.

298 932 703 995 Errs‘rotlt.

198 1054 805 1140 SEXTO'POMPEIO.

136 1169 206 1287 Α
221 1254 260 1288 cc
273 1257 281 1288 1
293 1255 346 1300 rr,
364 1240 481 1305 Pompei,
495 1237 624 1289 deductum
639 1255 734 1289 carmen
744 1241 773 1288 ab
784 1239 850 1299 illo,

169 1314 278 1367 Debitor
296 1316 328 1363 est
344 1319 399 1365 vite
417 1319 458 1381 qui
474 1317 518 1364 tibi
528 1350 536 1375 ‚
548 1318 642 1370 Sexte„
658 1317 713 1364 suae.

136 1390 187 1449 Qui
205 1394 226 1438 si
240 1408 290 1439 non
301 1394 413 1456 prohibes
424 1409 484 1441 arne
496 1407 536 1440 tua
547 1396 647 1440 nomina
656 1395 729 1457 poni,

160 1467 277 1517 -Accedet
293 1472 384 1517 meritis
400 1472 449 1518 haec
469 1484 566 1533 quoque
582 1471 675 1517 summa
690 1471 746 1518 tuis.
826 1498 829 1502 -

136 1534 193 1581 Sive
205 1536 279 1582 trahis
288 1534 386 1591 vultus,
399 1532 509 1600 equidem
522 1531 627 1598 peccaffe
641 1534 733 1583 fatebor
745 1550 753 1581 r
876 1543 889 1592 5

172 1608 261 1658 Delieli
274 1626 354 1659 tamen
365 1610 396 1659 est
407 1613 476 1661 causa
488 1609 610 1675 probanda
621 1613 678 1659 mei.

137 1686 198 1737 Non
210 1693 292 1753 potuit
303 1706 357 1738 mea
368 1704 450 1747 mens,
468 1691 527 1755 quin
543 1684 602 1737 effer
616 1703 699 1754 grata,
716 1688 790 1737 teneri
808 1704 816 1736 e

171 1767 224 1825 Sit,
244 1782 345 1830 precor,
364 1762 446 1815 officio
461 1782 511 1813 non
528 1769 605 1830 gravis
621 1770 656 1814 ira
674 1769 724 1830 pio.

137 1842 176 1892 O!
194 1846 287 1909 quoties
302 1861 347 1908 ego
360 1846 411 1892 sum
424 1844 489 1892 libris
501 1847 561 1893 mihi
573 1846 635 1892 visus
646 1847 672 1892 in
681 1844 730 1893 istis

143 1914 149 1928 ‘
170 1920 277 1985 Impius,
294 1925 319 1969 in
337 1920 404 1969 nullo
424 1920 490 1985 quod
510 1920 612 1985 legerere
631 1920 701 1969 locol
879 1934 909 1967 re

139 1999 180 2047 0!
203 2000 313 2063 quoties,
328 1995 394 2045 aliud
411 1996 499 2045 vellem
519 1996 574 2045 ctlm
592 1998 713 2056 scribere,
730 2012 820 2047 nomen

174 2077 265 2125 Retulit
281 2077 306 2123 in
326 2091 389 2125 teras
409 2076 483 2122 inscia
505 2072 587 2134 dext-ra
607 2073 695 2122 tuum!

140 2152 192 2219 lpse
210 2155 270 2202 mihi
288 2151 380 2216 placuit
395 2150 487 2199 mendis
498 2154 522 2199 in
535 2151 625 2200 talibus
638 2167 723 2213 error,

176 2230 205 2278 Et
222 2233 262 2279 vix
282 2228 358 2277 inviti
377 2228 437 2277 fasta
452 2226 524 2277 litura
539 2245 613 2277 manu
629 2228 670 2278 est.

142 2305 236 2357 Viderit
252 2305 433 2365 adsumtum,
451 2304 516 2365 dixi3
535 2306 592 2355 licet
602 2297 651 2374 ipse
663 2323 784 2375 queratur.
877 2326 902 2372 rt

173 2385 210 2433 rllr
222 2384 227 2433 l
244 2382 318 2449 pudet
328 2382 445 2433 offensam
461 2401 510 2434 non
525 2382 635 2433 meruiffe
646 2385 720 2450 pritls.

143 2457 181 2513 Da
196 2465 270 2521 mihi,
283 2464 301 2511 si
313 2460 372 2529 quid
384 2480 410 2511 ea
422 2462 470 2521 est,
483 2462 636 2512 hebetantem
648 2463 857 2528 pestoralethem

177 2540 270 2589 Oblitus
286 2556 370 2604 potero
385 2557 435 2589 non
453 2555 532 2589 tamen
549 2536 596 2588 ell'e
611 2543 656 2589 tui.

144 2614 219 2683 ldque
236 2620 310 2675 sinas,
328 2633 372 2664 oro
387 2634 395 2673 3
413 2618 456 2665 ne'c
475 2616 578 2665 fastidita
598 2617 696 2682 repellar

178 2694 254 2742 Verba
275 2712 280 2742 ι
304 2709 348 2743 nec
364 2690 445 2742 officio
466 2694 556 2741 crimen
571 2691 644 2741 ineffe
661 2710 738 2759 puter.
876 2710 908 2744 ιο

145 2772 176 2825 Et
189 2771 244 2821 levis
261 2773 311 2819 haec
330 2774 420 2821 meritis
436 2769 550 2820 referatur
569 2774 646 2835 gratia
666 2775 747 2821 tantis.
959 2764 963 2767 ⁴

167 2851 217 2897 -Sin
231 2851 325 2907 minue,
347 2851 423 2899 invito
441 2864 464 2899 te
480 2864 595 2915 quoque,
615 2864 694 2913 gratus
713 2866 763 2898 ero.

114 2951 123 2999 ss
146 2926 282 2993 Numquam
294 2928 360 2991 pigra
374 2924 420 2974 fult
435 2925 519 2975 nostrie
536 2942 574 2973 tua
591 2928 666 2991 gratia
682 2927 767 2989 rebus,

148 3048 150 3051 .
179 2996 227 3051 Nec
242 3005 300 3051 mihi
314 3001 439 3051 munificas
452 3020 506 3054 arca
519 3007 614 3069 negavit
626 3020 691 3070 opes.

149 3078 216 3133 lllnc
233 3096 345 3168 queque,
361 3080 396 3133 nil
414 3082 497 3147 subitir
514 3081 642 3135 clementia
659 3084 740 3167 territa
758 3082 813 3132 fetis
873 3095 901 3145 ²5
