2325 3959
246 398 387 464 EPlsT.
413 406 468 461 ΒΧ
494 392 646 461 ΡοΝΤο
672 389 768 457 LI.
807 410 870 475 293

85 573 87 586 7
145 506 205 566 'Cui
217 533 264 567 nos
276 522 301 567 dt
310 518 444 580 lacrymas,
456 516 592 579 supremum
600 516 625 561 in
634 512 715 561 funere
723 524 826 567 nrunus,

85 593 86 602 ’
182 594 219 643 Ει
235 593 347 645 dedimus
355 591 438 642 medio
449 594 537 656 scripta
547 587 654 639 canenda
662 587 726 637 into·
895 595 925 641 30

146 668 227 721 Adde
238 672 307 738 quod
320 672 353 721 est
368 670 440 719 frater
452 683 520 719 tanto
532 670 576 717 tibi
588 669 681 731 Juniius
693 679 773 714 amore
785 697 793 723 ‚

186 748 303 808 Quantus
314 752 339 796 in
351 746 439 797 Atridis
449 744 642 810 Tyndaridisque
655 744 711 791 fuit.

148 824 173 873 lt
185 840 230 873 me
241 839 286 873 nec
297 828 427 884 comitem,
445 840 490 873 nec
501 821 643 887 dedignatus
657 823 761 869 amicum
777 819 824 867 eil:

185 902 214 949 st
232 916 314 950 tamen
331 903 381 950 haec
390 901 428 950 illi
437 916 489 951 non
498 903 609 949 nocitura
619 911 697 963 putas.

149 977 177 1026 si
189 980 291 1036 minua,
305 981 349 1028 hac
367 993 463 1045 quoque
477 995 517 1027 me
532 975 672 1027 mendacem
687 989 754 1040 parte
772 975 873 1023 fatebor.
895 977 921 1023 35

185 1054 281 1106 Clausa
297 1060 357 1106 mihi
372 1059 452 1122 petitia
468 1056 614 1107 torasieiila
623 1053 720 1105 dumus.
910 1040 917 1053 ’

151 1130 202 1181 Sed
221 1149 301 1199 neque
319 1132 452 1184 claudenda
463 1135 496 1183 est
507 1151 515 1194 3
537 1137 562 1183 dt
573 1132 642 1183 nulla
651 1134 760 1198 potentia
770 1134 830 1185 vires

185 1210 334 1271 Praestandi‚
347 1210 446 1277 nequid
457 1227 540 1276 peccet
550 1214 655 1265 amicus.
666 1210 746 1259 habet.

152 1283 187 1334 Et
200 1302 284 1336 tamen
292 1304 319 1337 ut
327 1304 437 1353 cuperem
445 1289 541 1353 culpam
551 1304 648 1353 quoque
656 1283 721 1351 polle
728 1290 822 1351 negari:

188 1364 229 1411 Sic
240 1363 332 1412 facinus
342 1380 417 1413 nemo
424 1365 499 1413 nescit
509 1361 587 1413 abeffe
597 1364 667 1411 mihi.
890 1371 923 1416 40

152 1438 231 1501 Quod
244 1444 290 1489 niti
300 1439 380 1490 deliiii
390 1458 443 1506 pars
457 1441 596 1491 excusabilis
608 1436 683 1500 effet,

186 1519 266 1571 Parva
277 1519 377 1584 relegati
386 1536 457 1584 poena
467 1520 547 1568 futura
556 1518 614 1569 fuit.
715 1570 719 1578 ,

153 1596 206 1662 lpse
223 1595 265 1647 sed
278 1600 325 1648 huc
342 1597 425 1657 vidit,
439 1602 481 1664 qui
498 1596 607 1663 pervidet
617 1597 719 1657 omnia,
730 1593 830 1656 Caelar,

187 1676 323 1725 stultitiam
338 1674 385 1725 dici
401 1678 500 1725 crimina
512 1672 578 1741 poffe
588 1692 651 1725 mea.

155 1751 260 1819 Quique
272 1770 318 1818 ego
328 1757 425 1818 permisi
437 1789 445 1813 ‚
461 1754 556 1819 quique
566 1754 599 1803 est
612 1770 647 1803 res
655 1749 736 1818 palla,
749 1754 869 1817 pepercit:
887 1761 918 1805 45

187 1830 251 1879 Usus
268 1835 292 1880 dt
309 1832 341 1879 est
351 1830 446 1881 modici
457 1832 566 1882 fulminis
576 1836 631 1896 igne
642 1833 685 1879 sui.

137 1908 208 1973 “Nec
218 1912 294 1958 vitam
305 1946 314 1969 ‚
335 1926 379 1957 nec
389 1926 460 1973 opes,
471 1926 516 1957 nec
527 1906 619 1957 ademit
629 1901 694 1972 polle
710 1908 811 1968 reverti,

187 1988 266 2035 Silua
282 2002 324 2050 per
341 1986 427 2034 vestras
437 1988 499 2034 vista
516 1988 545 2033 sir
556 1988 591 2034 ira
602 2001 691 2049 preces.
782 2024 787 2031 .

156 2065 189 2114 At
200 2066 303 2128 graviter
311 2060 387 2110 cecidi
396 2080 401 2108 ι
410 2060 469 2127 quid
476 2065 541 2109 enirn
553 2060 663 2110 mirabile
673 2095 681 2120 ,
694 2063 713 2109 si
723 2065 775 2127 quis

158 2185 161 2189 .
189 2141 279 2191 illave
289 2136 409 2205 perculsus
419 2156 470 2188 non
483 2140 535 2189 leve
546 2140 632 2189 vulnus
646 2142 734 2188 habeti
890 2154 919 2198 ιο
942 2182 946 2189 ,

158 2218 210 2285 lpse
223 2221 274 2267 suas
285 2234 312 2267 ut
321 2222 370 2283 jam
378 2222 439 2267 viret
453 2220 571 2267 inhiberet
581 2216 705 2272 Achilles,

190 2294 262 2346 Milia
278 2312 360 2361 graves
370 2299 428 2345 iiius
439 2295 514 2344 Pelias
527 2295 591 2344 hasta
607 2296 673 2345 tulit.

159 2372 278 2424 Iudicium
289 2373 360 2423 nobie
370 2376 443 2439 igitur
453 2371 509 2421 crim
517 2371 621 2422 vindicis
632 2370 694 2425 adsit
705 2407 715 2433 ,

190 2452 248 2503 Non
258 2452 291 2501 est
307 2467 349 2501 cur
364 2467 404 2501 tua
417 2468 456 2501 me
466 2455 537 2516 janua
548 2448 615 2500 nolle
626 2467 706 2517 neget.

160 2528 233 2580 Culta
249 2528 346 2594 quidem
355 2530 457 2583 „latent
469 2564 477 2587 ,
488 2532 566 2584 citra,
585 2528 660 2595 quim
668 2528 768 2589 debuit,
782 2528 841 2579 illa:
889 2531 915 2577 55
1010 2584 1014 2590 Ι

191 2604 238 2655 sed
251 2606 297 2653 fuit
311 2609 336 2653 in
347 2605 401 2653 fatis
412 2607 458 2653 lroc
469 2604 582 2671 quelque,
598 2605 684 2668 credo,
702 2611 769 2655 meis.

162 2682 212 2732 Nec
225 2696 303 2731 tamen
319 2680 428 2731 officiunt
438 2684 509 2731 sentit
519 2687 595 2747 magis
606 2684 680 2735 altera
689 2685 804 2735 nostrum.
851 2716 854 2723 ·

190 2758 259 2820 Hic,
274 2759 327 2807 illic
336 2794 344 2818 ‚
354 2760 431 2808 vestro
445 2760 487 2807 sub
498 2760 557 2808 Lare
567 2762 657 2826 semper
665 2778 738 2811 eram.

164 2838 265 2902 Quaeq'ue
280 2852 321 2886 tua
332 2837 363 2885 est
372 2840 448 2901 pietat
458 2869 466 2894 ,
478 2853 505 2888 ut
516 2851 539 2886 te
551 2854 602 2887 non
612 2838 706 2889 excolat
715 2841 809 2904 ipsum,

193 2917 231 2965 Jus
240 2912 339 2979 aliquod
350 2930 428 2982 tecum
437 2915 515 2965 fratris
526 2918 616 2965 amicus
627 2918 709 2967 habet.
885 2906 918 2953 ⁶⁰

84 2991 92 3007 '
166 2990 240 3055 Quid?
254 2991 335 3058 quod,
346 3008 373 3041 ut
386 2995 489 3056 emeritis
502 2991 625 3043 referenda
636 2994 667 3044 est
678 2998 753 3063 gratia
762 2998 867 3063 semper,

195 3073 230 3123 Sic
246 3070 278 3120 eil
292 3069 393 3123 fortune
403 3068 557 3138 promeruilse
569 3074 629 3123 tua?

687 3154 712 3207 N
732 3152 757 3221 iij
