2325 3959
302 404 347 465 66
420 396 463 464 P.
505 394 660 462 ovibu
689 394 885 461 Nasonis

256 532 279 564 rr
287 516 391 582 rillaque
402 511 432 565 de
443 512 510 563 foeno
518 528 525 561 r
534 510 575 562 sed
586 527 636 563 erat
643 514 775 581 reverentia
782 511 869 571 freno,

332 593 454 655 Quantam
468 608 531 641 nunc
543 591 642 657 Aquilar
653 593 730 639 cernis
741 590 827 639 habere
837 603 898 638 tuas.

300 672 392 723 Petrica
408 672 529 735 suspensos
542 670 653 735 portabat
664 669 737 735 longa
745 666 883 732 nraniplos5

332 747 403 797 Unde
423 748 560 813 maniplaris
575 750 675 797 nomina
685 746 754 796 miles
763 747 844 795 habet.

300 825 364 891 Ergo
375 830 448 875 animi
460 826 595 883 indociles,
610 830 636 875 bt
654 823 732 875 adhuc
742 828 835 874 ratione
845 838 974 886 carentes,

254 919 299 951 no
333 905 455 955 Mentibus
463 919 562 969 egerunt
572 904 644 953 lustra
654 908 749 953 minora
759 901 852 952 decem.

301 981 382 1032 Annus
400 999 449 1032 erat
461 1018 468 1042 ,
485 982 608 1031 decimum
619 983 674 1031 crim
687 983 754 1031 Luna
764 981 897 1047 repleverat
907 982 1010 1034 orbem.

334 1060 380 1109 Hic
397 1062 483 1110 nostris
494 1078 581 1126 magno
594 1075 652 1111 tunc
665 1063 794 1110 inhonore
805 1059 860 1109 fuit.

302 1139 346 1186 Seu
360 1141 417 1204 quia
435 1154 473 1188 tot
483 1136 553 1204 digiti
567 1175 575 1199 ‚
591 1156 634 1204 per
644 1154 705 1204 quos
715 1154 839 1190 numerare
848 1138 959 1189 solemus
969 1157 979 1201 ς

334 1216 379 1264 Seu
397 1218 454 1281 quia
472 1218 507 1265 bis
519 1220 596 1282 quino
607 1216 697 1265 femina
709 1218 789 1265 mense
800 1218 870 1281 parit.

257 1288 346 1344 ¹²5Se'u
360 1292 426 1358 quod
440 1291 545 1360 adusque
561 1292 646 1344 dacem
660 1311 762 1344 nurnero
776 1295 898 1344 crescente
909 1301 1029 1359 venitur5

335 1373 479 1437 Principium
497 1375 577 1437 spatiis
593 1376 694 1423 sumitur
710 1370 767 1423 inde
779 1374 858 1423 novis.

302 1448 360 1500 Inde
370 1467 436 1516 pares
451 1465 548 1500 centurn
560 1448 635 1499 denos
646 1452 746 1499 secrevit
756 1452 782 1499 in
795 1451 865 1499 orbes

335 1528 467 1577 Romulus:
479 1529 581 1577 hastatos
595 1528 744 1593 instituitque
752 1525 845 1577 decem.

303 1605 333 1654 Et
348 1604 449 1655 totidem
460 1608 587 1671 princepe,
603 1604 708 1655 totidem
719 1605 814 1670 pilanur
827 1604 935 1656 habebat

257 1700 302 1749 tro
336 1682 446 1747 Corpora
458 1702 464 1732 t
477 1682 588 1749 legitimo
599 1687 690 1749 quique
702 1682 808 1732 merebat
818 1697 892 1748 equo.

211 1774 216 1787 ·
304 1760 372 1822 Quin
385 1764 457 1809 etiam
467 1776 545 1827 partes
554 1761 658 1811 totidem
668 1762 816 1811 Titiensibus
826 1759 912 1823 idem,

336 1837 450 1904 Quosque
464 1854 553 1889 vocant
571 1842 690 1899 Ramnes,
708 1840 885 1905 Luceribusque
900 1840 989 1895 dedit.
1036 1848 1039 1851 ’

304 1909 413 1967 Affuetos
432 1920 505 1986 igitur
523 1934 636 1970 numeros
646 1920 748 1968 servavit
758 1921 784 1968 in
794 1934 868 1968 anno.

338 1994 391 2045 Hoc
410 1995 476 2060 luget
488 1999 564 2061 spatio
580 1996 672 2047 femina
683 1996 762 2045 maesta
773 1998 864 2047 virum.

261 2074 359 2142 135Neu
371 2072 478 2129 dubites,
492 2078 575 2139 prime
584 2074 675 2123 fuerint
685 2077 744 2140 quin
754 2088 810 2123 aute
822 2074 935 2128 talende

338 2154 438 2212 Marris3
458 2151 487 2201 ad
498 2156 547 2204 haec
559 2154 667 2201 animum
678 2155 745 2217 signa
753 2151 839 2202 referre
849 2167 929 2216 potes.

306 2232 395 2283 Laurea
406 2232 558 2289 flaminibus,
576 2246 629 2296 quae
643 2246 697 2280 toto
706 2229 806 2295 perstitit
815 2246 879 2280 auno
891 2265 900 2290 ‚

339 2308 490 2359 Tolliturr&
502 2306 600 2359 frondes
611 2310 665 2358 sunt
674 2310 799 2357 inhonore
810 2324 888 2357 nove.

306 2388 380 2437 lanua
396 2402 459 2436 nune
473 2390 533 2451 regis
548 2386 628 2451 positi
644 2388 706 2435 viret
721 2387 806 2434 arbore
822 2385 927 2447 runnu

262 2476 307 2519 14³
340 2468 400 2515 Ante
420 2482 470 2515 tuas
481 2465 509 2514 fit
527 2463 611 2518 idern,
628 2464 703 2513 Curia
720 2465 812 2527 prisca,
824 2462 899 2512 fores.
931 2520 939 2533 .

309 2545 377 2593 Vesta
393 2560 488 2611 quoque
501 2558 529 2591 ut
542 2542 604 2591 folio
616 2534 692 2590 nite‘at
700 2542 779 2591 velata
792 2544 893 2601 receuti,

341 2620 414 2673 Cedit
430 2624 459 2670 ab
472 2621 548 2670 iliacis
565 2620 645 2669 laurea
657 2635 716 2668 caua
727 2619 805 2676 iotis„

308 2697 377 2749 Adde
389 2733 397 2758 ‚
409 2696 475 2765 quod
485 2697 571 2749 arcani
581 2696 633 2746 fieri
642 2713 718 2773 novus
728 2700 789 2761 ignis
799 2699 826 2746 in
835 2694 886 2751 :de

341 2776 453 2834 Dicitut3
473 2781 497 2825 bt
514 2780 575 2826 vitet
586 2775 684 2824 flamma
696 2774 781 2825 tesedia
795 2778 867 2841 capit.

264 2854 360 2918 tquec
380 2856 439 2905 mihi
450 2870 521 2917 parva
532 2852 607 2913 fidet,
624 2868 698 2903 annos
709 2856 766 2901 hinc
782 2850 825 2903 iffe
839 2854 954 2917 priores,

344 2933 412 2983 Anna
426 2928 492 2997 quod
503 2934 549 2981 hoc
560 2946 640 2995 coepta
653 2930 686 2980 est
702 2932 783 2981 mense
800 2931 905 2980 Perenna
922 2934 995 2989 coli.

311 3008 373 3062 Hinc
385 3012 457 3058 ctiam
471 3024 560 3059 veteres
569 3012 623 3057 initi
634 3024 797 3058 memorantur
804 3009 909 3061 honores

343 3084 499 3156 adsparsum
518 3087 590 3149 belii,
606 3084 696 3155 perfide
709 3087 797 3149 Poene,
815 3088 860 3141 tui.
