2325 3959
227 390 509 458 Turonum
533 387 633 454 Lrn.
658 363 726 456 IV.
766 409 834 473 237

158 509 182 558 Si
199 509 294 561 valeant
303 512 431 567 homines,
445 524 482 558 ars
498 522 552 562 tua,
565 507 670 567 phebe,
685 512 754 572 jacet.

127 584 186 646 Quae
198 587 275 648 latet,
295 590 367 653 inque
382 587 451 636 bonis
464 583 535 635 cessat
549 601 599 633 non
609 587 707 649 cognita
718 587 786 634 rebus
799 617 807 642 ,

159 665 261 728 Apparet
273 669 348 716 virtut
361 666 513 730 arguiturque
524 663 603 713 malis.
857 664 888 712 80

128 739 177 790 Dat
188 744 232 790 tibi
245 742 323 790 nostra
337 740 418 790 locum
430 741 494 791 rituli
505 742 610 790 Fortuna
621 757 629 800 3
642 756 759 805 caputque

161 818 325 883 Conspicuum
340 821 415 884 pietas
431 818 479 885 qui
490 833 530 868 tua
540 819 625 878 tollat,
637 822 716 867 habet.

127 893 201 943 Urere
214 897 374 960 temporibus,
384 913 488 963 qnorum
499 913 562 946 nunc
570 913 668 946 munere
680 897 740 946 freta
751 912 784 948 es·
825 929 828 935 -

159 972 197 1026 'En
208 988 274 1038 pater
284 977 309 1023 in
319 974 399 1024 laudes
410 991 463 1025 area
473 975 521 1026 lata
532 992 593 1027 tuas.

167 1071 824 1198 Qssssfisszze

304 1264 560 1332 ELEGIA
601 1267 676 1327 IV.

134 1349 223 1480 O!
245 1437 327 1483 our,
344 1425 482 1479 nominibus
493 1443 548 1476 cum
561 1428 592 1476 rie
606 1427 732 1491 generosus
746 1427 829 1485 avitis,
850 1405 856 1415 ⁵

166 1499 295 1564 Exsuperas
306 1518 401 1554 morum
412 1503 538 1554 nobilitate
549 1521 637 1570 genuat

131 1574 210 1639 Cujus
220 1577 280 1634 inest
290 1581 370 1636 animo
381 1584 451 1646 patrii
461 1581 570 1633 candoris
581 1585 663 1647 imago
673 1617 683 1644 ‚
746 1617 749 1621 ›

168 1653 225 1702 Non
236 1670 313 1706 careat
324 1660 400 1709 nervis
409 1658 499 1714 candor
510 1675 535 1709 ut
546 1661 588 1710 iste
599 1662 654 1709 suis.
710 1718 713 1721 ¹

135 1729 212 1798 Cujus
230 1737 255 1786 iu
272 1736 369 1801 ingenio
383 1739 464 1802 patrie
480 1737 594 1792 facundia
605 1739 694 1804 linguae
708 1739 755 1799 est,
866 1754 877 1803 5

168 1809 222 1870 Qui
233 1814 298 1875 prior
308 1816 333 1863 in
349 1815 419 1866 Latio
428 1833 478 1865 non
488 1817 534 1866 fuit
546 1815 596 1865 ulla
607 1817 684 1866 Foro:
910 1807 912 1812 ’

134 1886 210 1950 Quod
226 1890 327 1950 minime
343 1893 428 1952 volui,
445 1897 528 1958 positis
544 1911 589 1958 pro
601 1897 701 1947 nomine
715 1898 804 1960 cignis,

162 1963 253 2038 ¹Didius
263 1984 286 2020 et
298 1988 304 2016 ι
317 1972 424 2038 ignoscas
440 1970 549 2020 laudibus
565 1972 608 2020 ista
619 1974 673 2023 tuit.

136 2040 179 2090 Nil
192 2059 237 2106 ego
245 2050 340 2108 peccavi
353 2065 358 2094 :
370 2062 411 2096 tua
426 2061 449 2094 te
460 2047 522 2096 bona
532 2050 630 2112 cognita
640 2045 754 2111 produnt.

172 2121 212 2180 si,
231 2121 298 2187 quod
313 2140 353 2183 es,
369 2141 483 2189 appares,
495 2125 565 2188 culpa
580 2122 660 2172 soluta
668 2117 722 2172 mea
732 2124 773 2173 est.
870 2141 899 2177 ιο

139 2197 191 2256 Nec
203 2213 283 2250 tamen
292 2201 400 2252 officium
409 2202 490 2251 nostro
501 2204 544 2253 tibi
562 2205 666 2251 carmine
677 2201 765 2250 fastum
777 2236 787 2262 ,

176 2277 284 2343 Principe
294 2294 344 2334 tam
353 2280 432 2346 justo,
446 2277 510 2346 poffe
525 2297 611 2329 nocere
623 2295 688 2344 puta.

140 2351 193 2416 Ipse
208 2355 276 2406 Pater
286 2357 369 2418 Patriae
381 2393 389 2419 ,
408 2358 418 2426 (
431 2356 490 2426 quid
502 2361 565 2407 enim
576 2358 670 2412 civilius
680 2357 725 2406 illo
736 2358 767 2425 Ξ)

180 2431 281 2484 Sustinet
292 2437 317 2484 in
327 2437 408 2495 nostro
422 2439 526 2492 carmine
537 2438 596 2500 saepe
607 2435 663 2504 legi.
740 2468 748 2473 -

142 2510 197 2560 Nec
212 2514 335 2574 prohibere
349 2514 445 2579 potest,
464 2518 520 2581 quia
529 2531 564 2562 res
578 2513 611 2562 est
622 2512 717 2577 publica
725 2511 821 2573 Caesam
873 2527 902 2576 η

178 2589 209 2638 Et
225 2589 255 2639 de
273 2595 397 2640 communi
412 2607 464 2655 para
475 2607 571 2656 quoque
588 2591 667 2640 nostra
685 2591 750 2639 bono
766 2591 806 2646 est.

145 2669 254 2733 Iuppiter
263 2671 363 2733 ingeniis
371 2671 460 2734 praebet
469 2659 509 2718 sua
519 2670 619 2723 numina
629 2682 710 2726 vatum
723 2685 731 2729 a

181 2749 256 2812 Seque
266 2748 379 2804 celebrari
389 2746 497 2816 quolibet
508 2761 549 2794 ore
560 2746 625 2794 sinit.
639 2792 643 2798 ,

147 2826 228 2878 Causa
238 2841 280 2882 rua
294 2823 403 2890 exemplo
420 2825 562 2888 Superorum
575 2837 626 2882 tuta
637 2819 739 2870 duorum
751 2823 781 2871 est
793 2842 799 2871 a

183 2903 292 2964 Quorum
307 2905 346 2952 hic
361 2903 524 2966 conspicitur,
537 2897 641 2949 creditur
653 2898 693 2948 ille
705 2899 777 2948 Deus.
876 2929 907 2965 20

148 2983 185 3036 Ur
195 2999 243 3033 non
254 2981 376 3032 debuerim
385 3015 393 3040 ,
407 2995 487 3030 tamen
497 2981 543 3028 hoc
553 2993 599 3042 ego
609 2979 700 3026 crimen
712 2979 812 3034 aruabot
898 2979 903 2987 ’

185 3062 241 3122 Non
253 3060 298 3121 fuit
309 3061 399 3120 arbitrii
410 3058 477 3110 litera
487 3057 565 3108 nostra
578 3058 621 3112 tui·
