2325 3959
244 418 385 492 Error.
410 438 466 491 tx
485 423 638 493 Pouro
663 425 702 500 L.
721 425 790 497 IV.
815 375 887 517 ᾖς’

201 540 271 593 Sexta
281 545 413 610 relegatum
427 547 511 597 bruma
522 548 564 595 sub
573 564 615 596 axe
628 545 703 598 videt.
770 574 773 578 ·
884 552 919 598 40

164 614 283 671 Carmina
292 624 327 671 nii
337 626 453 687 prosunt:
464 641 598 675 nocuerunt
608 629 715 677 carmina
722 624 846 694 quondam
858 646 866 676 a

200 700 327 767 Primaque
338 718 387 751 tam
397 704 488 753 miserae
499 705 568 753 causa
579 703 644 753 fuere
655 704 727 769 fuga.

164 774 198 823 At
210 792 235 827 tu
245 794 287 842 per
297 777 367 828 studii
377 784 516 831 communia
526 779 620 831 foedera
630 783 704 837 sacri.

97 850 100 857 '
199 853 243 902 Per
253 871 304 911 non
315 858 362 905 viic
372 860 416 907 tibi
424 874 514 907 nomen
524 862 636 909 amicitia
646 877 654 918 3

163 932 203 979 Sic
216 947 286 996 capto
297 934 370 985 Latiis
382 938 537 986 Germanicus
547 938 612 987 hoste
623 940 729 999 catenis,
882 955 910 1004 4)

195 1010 325 1063 Materiam
334 1016 413 1065 vestris
424 1013 508 1065 afferat
517 1019 618 1081 ingeniis
627 1033 635 1073 3

162 1088 203 1137 Sic
214 1089 310 1141 valeant
319 1098 403 1157 pueri,
414 1108 498 1143 votum
509 1110 639 1143 commune
648 1094 776 1153 Deorum,

196 1166 265 1227 Quos
275 1170 325 1219 laus
336 1170 476 1221 formandos
485 1172 517 1221 est
527 1174 571 1221 tibi
581 1188 669 1237 magna
678 1171 747 1222 datos
757 1189 765 1230 ;

161 1242 261 1305 Quanta
270 1263 338 1312 potes
348 1251 425 1313 prebe
435 1250 519 1299 nostra
530 1266 654 1299 momenta
665 1251 736 1299 saluti
746 1268 753 1298 ε

199 1322 275 1385 Quae,
287 1328 333 1375 nisi
343 1340 452 1387 mutato,
463 1328 530 1377 uuila
541 1329 622 1378 futura
632 1328 689 1377 loco
700 1328 742 1378 est.
885 1337 896 1386 5
900 1338 917 1371 ⁰

176 1457 859 1531 ez-“z--zssissssffi———o

257 1600 597 1665 EPISTOLA
656 1602 782 1665 XLV.

332 1762 715 1826 TUTIcANO.

162 1864 273 1985 Hac
281 1936 325 1984 tibi
332 1925 475 1998 mittuntur,
483 1953 557 2003 quem
565 1938 616 1985 sum
623 1935 808 1986 modocarmine
815 1937 907 2003 questui

196 2011 255 2075 Non
266 2028 348 2077 aptum
359 2017 463 2063 numeris
472 2029 563 2064 nomen
569 2016 657 2063 habere
665 2017 733 2063 meis.

159 2091 188 2141 ln
201 2093 305 2158 quibus,
317 2109 416 2159 excepto
427 2093 494 2161 quod
506 2093 584 2145 adhuc
596 2110 726 2159 utcumque
736 2092 844 2145 valemus
851 2126 861 2152 ,

195 2172 256 2232 Nil,
269 2188 292 2221 te
303 2188 415 2237 praterea
425 2172 492 2239 quod
501 2177 581 2238 Juvet‚
594 2174 709 2222 inveniet.

160 2249 214 2315 ipsa
225 2267 321 2317 quoque
332 2252 365 2301 est
374 2254 449 2303 invisa
460 2250 521 2301 salua
536 2270 542 2299 e
553 2253 657 2317 suntque
668 2249 837 2311 ultimam,
896 2263 908 2311 ς

195 2327 312 2388 Quolibet
322 2346 349 2379 ex
359 2330 407 2380 istis
416 2330 509 2380 scilicet
518 2333 553 2379 ire
563 2329 634 2379 locis.

160 2404 239 2460 Nulla
248 2410 308 2457 mihi
319 2426 375 2459 eura
385 2409 431 2467 est,
442 2408 503 2459 terra
513 2408 589 2476 quarn
599 2423 678 2459 muter
685 2422 713 2457 ut
718 2406 762 2457 iste
771 2424 780 2467 3

195 2484 247 2533 Hac
260 2490 333 2551 quia,
345 2504 418 2553 quarn
429 2486 501 2539 video
510 2523 518 2549 ‚
528 2491 619 2553 gratior
628 2489 709 2537 omnis
718 2489 773 2536 erit.

160 2561 191 2612 In
200 2560 291 2613 medias
302 2565 396 2625 Syrtes,
407 2564 511 2614 mediam
521 2582 574 2613 mea
584 2566 638 2616 vela
647 2563 792 2627 Charybdin

193 2642 304 2701 Mittite,
315 2644 423 2706 prasenti
434 2640 493 2696 dum
505 2657 626 2691 careamus
636 2645 722 2692 humo.
876 2656 910 2694 no

159 2721 219 2784 Styx
229 2735 340 2787 quoque,
349 2723 368 2767 si
378 2718 438 2785 quid
445 2736 472 2769 ta
479 2720 512 2769 est
521 2754 529 2777 ,
537 2718 598 2768 bene
606 2720 794 2769 commutabitur
800 2720 875 2771 Istro:

193 2802 217 2848 Si
228 2797 289 2865 quid
299 2802 324 2847 δι
334 2797 448 2858 inferius,
460 2796 535 2863 quim
548 2800 621 2861 Styga
632 2794 736 2846 mundus
747 2798 827 2847 habet.

161 2878 277 2927 Gramina
287 2875 365 2925 cultus
375 2891 439 2939 ager,
454 2876 528 2940 frigus
539 2875 617 2924 mincia
629 2873 682 2923 odit
691 2870 811 2927 hirundo,

194 2956 305 3004 Proxima
315 2954 450 3004 Marticolis
458 2953 532 3021 quim
542 2954 598 3005 loca
608 2953 675 3003 Nasu
685 2952 761 3003 Getis.

161 3032 232 3084 Talia
240 3034 377 3083 succensent
385 3048 481 3099 propter
491 3035 552 3085 mihi
562 3035 635 3084 verba
645 3032 769 3097 Xomita,
876 3056 904 3107 ¹5

193 3110 278 3178 ltaque
287 3113 430 3165 carminibus
440 3112 538 3180 publica
546 3126 616 3165 mota
623 3113 695 3171 meis.
