2325 3959
193 432 333 502 Error.
351 448 407 501 uir
420 428 571 499 Pouro
589 431 626 500 L.
642 431 710 503 rV.
763 433 827 524 35⁷¹
1052 142 1061 520 l

115 585 131 594 ·-
153 552 265 621 laesaque
281 550 403 621 supprello
424 553 491 603 fonte
510 554 595 603 resistit
612 553 692 620 riquier

116 630 221 681 Pediora
238 637 271 682 sic
293 649 347 681 mea
369 634 423 681 suut
439 631 500 679 limo
520 634 604 682 vitiata
619 631 759 690 malorum,

153 709 184 757 Et
205 706 300 758 carmiir
318 708 380 759 venri
392 712 532 774 pauperiore
548 708 615 757 fluit.
691 700 695 707 ’
852 728 885 762 eo

119 786 146 834 Si
165 790 218 852 quis
237 790 264 836 in
283 789 327 836 bae
345 788 423 851 ipsum
442 786 503 835 terrai
519 783 797 862 posuiffetlllomerum

156 862 241 923 Esset,
257 863 327 912 crede
344 868 425 924 tnihi,
442 863 514 913 fusius
537 868 562 913 ὃ(
582 864 625 913 ille
642 864 724 913 Getes.

118 938 160 991 Da
172 946 268 993 veniam
279 940 340 992 faffo
352 960 359 991 t
371 941 452 992 studiis
470 959 566 1009 quoque
580 942 649 992 frena
664 942 761 998 remisi;
806 951 814 1000 ᾗ

154 1018 260 1068 Ducitur
276 1024 301 1069 δι
318 1018 399 1086 digitis
413 1020 480 1069 litera
491 1037 543 1069 rara
554 1021 622 1069 meis.¹
806 1012 810 1018 ’
1059 995 1060 1084 l

154 1174 203 1233 Qui
220 1173 283 1240 prius
298 1179 324 1225 iu
340 1177 409 1224 nobis
426 1172 471 1224 effe
489 1176 599 1236 solebat,
617 1174 689 1224 abest.

119 1250 169 1299 Vix
180 1256 247 1300 veuit
256 1252 286 1301 ad
298 1268 388 1317 partes,
403 1256 442 1301 vix
461 1254 543 1301 sumre
559 1254 629 1301 Musa
642 1251 735 1301 rabellae

130 1378 134 1393 ,
154 1329 261 1392 Imponit
276 1334 353 1393 pigrus
369 1346 434 1394 paeue
454 1332 534 1379 ceasia
549 1346 642 1378 manus.

121 1404 259 1471 Parvaque,
279 1424 307 1455 ne
322 1406 401 1456 dicam
413 1405 529 1456 scribendi
543 1408 626 1462 nulla,
641 1405 753 1469 voluptas

119 1094 228 1161 Impetus
249 1097 291 1146 ille
309 1100 387 1153 sacer,
405 1102 446 1163 qul
462 1114 544 1148 vatum
561 1101 654 1163 pebiora
668 1090 764 1156 nutrit,
855 1100 883 1149 ²5

156 1482 195 1530 Esi
207 1485 267 1531 mihi
279 1502 284 1531 :
296 1500 339 1532 nec
350 1486 455 1532 numeris
470 1486 560 1533 uebierr
572 1485 644 1535 uerba
656 1488 732 1549 juvat.
857 1492 888 1540 30

122 1562 176 1611 Sive
191 1559 258 1626 quod
276 1563 331 1609 bine
349 1561 436 1610 fruitus
454 1560 514 1611 adeb
530 1577 579 1612 nou
594 1564 699 1626 cepimus
711 1560 791 1624 ullos,

157 1642 302 1705 Principium
316 1640 389 1689 nostri
407 1658 443 1689 res
459 1643 489 1689 sit
506 1630 533 1690 ut
550 1642 593 1690 ista
609 1640 669 1690 mali
685 1659 692 1690 s

122 1720 177 1770 sive
192 1718 258 1785 quod
274 1722 299 1767 in
316 1720 418 1781 tenebris
432 1722 571 1769 numerosos
585 1735 673 1785 ponere
689 1716 793 1785 gustus,
865 1728 871 1739 ”

148 1794 277 1863 ¹Quodque
287 1797 350 1863 legas
360 1798 437 1853 nulli,
453 1798 553 1847 scribere
564 1814 660 1847 carmen
671 1832 679 1852 ‚
698 1798 764 1847 idem
780 1796 821 1847 est.

122 1874 218 1924 Excitat
239 1873 334 1924 auditor
351 1874 454 1923 studium
477 1894 483 1923 ι
505 1874 649 1940 laudataque
665 1878 740 1926 virtus
857 1891 883 1937 35

123 1944 125 1947 V
158 1952 273 2011 Crescite
293 1956 317 2000 δι
332 1954 478 2001 immensum
492 1952 569 2017 gloria
584 1953 661 2000 calcar
675 1954 756 2001 habet.

125 2028 174 2080 llic
191 2046 244 2078 mea
260 2032 299 2077 cui
314 2032 433 2088 recitem,
452 2032 497 2077 uisi
513 2026 580 2079 flavis
601 2030 687 2094 scripta
704 2028 825 2085 Corallis,

159 2103 271 2167 Quasque
293 2102 350 2151 alias
369 2117 450 2167 gentes
470 2104 581 2151 barbarus
602 2103 657 2151 lster
675 2105 766 2153 habeti
868 2102 871 2112 ’

125 2178 172 2230 Sed
190 2179 248 2247 quid
269 2179 332 2230 solus
353 2184 442 2245 agam?
461 2178 555 2246 quique
571 2179 679 2229 infelicia
687 2178 787 2246 perdam

159 2257 217 2306 Otia
233 2257 348 2312 materis,
366 2260 538 2325 surripiamque
552 2256 637 2308 diem?
857 2274 892 2320 4ο

127 2333 192 2385 Nam
204 2338 259 2401 quia
275 2350 319 2383 uec
334 2338 436 2400 viuum,
452 2352 496 2384 nec
506 2352 545 2384 me
557 2350 622 2385 tenet
633 2334 684 2385 alea
695 2334 785 2398 fallax,

159 2414 201 2461 Per
221 2428 274 2479 quae
291 2412 355 2483 elatu
376 2416 477 2463 ratitum
494 2428 588 2480 ternpus
605 2417 670 2463 abire
687 2411 766 2473 solet3

125 2490 179 2543 Nrc'
196 2509 250 2551 me,
268 2490 334 2558 quod
345 2508 478 2557 cuperem,
496 2492 515 2540 ti
533 2509 574 2557 per
590 2490 712 2542 irrabellu
724 2490 825 2553 liceret,
869 2495 873 2503 '

160 2568 270 2617 oblectat
290 2569 357 2618 cultu
371 2584 433 2617 terra
447 2586 535 2619 novata
550 2572 602 2619 suo.

128 2642 211 2705 Quid,
229 2647 274 2692 nisi
288 2644 407 2703 Pierides,
426 2644 511 2695 solatia
526 2645 633 2710 frigida,
651 2647 740 2699 restant
749 2683 759 2710 ,
824 2711 826 2714 v
857 2661 886 2712 45

161 2718 218 2767 Nou
236 2720 294 2768 beue
310 2717 340 2768 de
356 2722 424 2769 uobis
445 2736 498 2785 quae
514 2736 639 2780 meruere,
659 2721 735 2776 Dea?
818 2748 822 2754 ⁴

129 2798 161 2848 At
178 2812 224 2856 tu,
244 2799 283 2845 cui
303 2798 392 2847 bibitur
409 2797 501 2847 felitius
522 2799 611 2847 Aonius
629 2798 704 2861 font,

160 2876 260 2925 Utiliter
277 2873 380 2925 studium
397 2873 465 2941 quod
481 2876 525 2924 tibi
543 2874 626 2935 cedit,
643 2894 705 2927 amu.

129 2957 245 3019 Sacraque
262 2954 386 3003 Musarum
406 2952 563 3003 merirucole
575 2973 581 3003 ι
593 2952 707 3023 quodque
717 2954 840 3023 legamus,

160 3031 215 3083 llue
232 3029 332 3099 aliquod
346 3048 407 3083 eure
426 3034 497 3082 mitte
510 3029 692 3100 receutisbpru.
817 3044 822 3055 '
859 3048 889 3098 50
