2325 3959
280 435 572 505 Fastorum
595 432 680 502 er.
708 432 772 503 VI.
826 451 892 522 157

214 553 247 606 Et
256 559 290 608 ric
305 574 317 608 t
328 558 421 624 templo
430 557 464 607 est
473 556 613 623 ipsalocuta
622 557 674 605 suo.

176 633 229 685 Ore
239 637 345 689 revelato
355 636 405 703 qud
414 637 519 701 primilm'
531 636 584 685 lucc
598 634 689 701 patebit

213 716 326 776 Servius,
339 717 390 763 lraec
404 717 477 779 positi
492 718 568 779 prima
581 710 679 777 pudoris
690 713 743 761 erit‘.

177 791 289 852 Parcite,
309 807 445 851 matrona,
458 795 543 841 veritat
553 793 669 855 attingere
679 788 767 855 veliet}

213 868 332 919 sollemni
345 871 400 919 satit
410 869 443 919 eti
453 886 513 919 voce
521 885 620 919 movere
631 882 710 933 preces
721 882 729 925 3

177 946 265 1011 Sitque
278 963 350 1011 caput
365 950 457 1014 semper
467 949 577 997 Romano
589 948 661 997 tectus
675 941 778 1017 amitit,

212 1023 262 1084 Qui
281 1026 330 1075 Rex
340 1027 451 1077 lnnollra
460 1028 573 1093 septimus
580 1024 646 1073 Urbe
658 1021 714 1073 fuir.

176 1099 274 1151 Arserat
285 1106 331 1155 hoc
341 1104 458 1171 templum
471 1122 477 1153 t
488 1107 558 1169 tigno
568 1118 649 1155 tameo
660 1100 701 1150 ille
710 1101 816 1167 pepercit
893 1099 939 1151 ⁶²!

212 1180 278 1245 Ignis
291 1198 378 1247 :opem
388 1198 447 1233 nato
458 1183 578 1232 Mulciber
586 1182 635 1246 ipse
647 1178 712 1229 tulit.

177 1256 292 1324 Namque
302 1274 368 1325 patet
379 1259 447 1309 Tulli
456 1259 594 1317 Vulcanus,
610 1259 707 1307 Ocresia
717 1271 810 1317 mater,

212 1336 335 1400 Prasignis
346 1337 407 1387 facie
418 1370 427 1396 ,
437 1336 602 1388 Corniculana
612 1335 667 1385 luit.

178 1412 249 1462 Hanc
259 1414 338 1463 secum
349 1414 483 1483 Tanaquil,
491 1416 561 1464 sacris
572 1410 602 1462 de
613 1428 680 1462 more
690 1414 793 1477 paratis,

895 692 943 737 620

212 1490 286 1540 Juoit
299 1493 447 1541 inornatum
458 1490 558 1541 fundere
567 1494 623 1541 vina
631 1490 724 1540 iocum.
893 1486 941 1538 ⁶30
1000 1528 1005 1537 .

83 1631 85 1635 ,
179 1567 229 1619 iiic
249 1571 312 1618 inter
327 1572 418 1619 cinerea
427 1569 524 1620 obsceni
534 1568 698 1619 formavirilir
724 1550 772 1577 Λ

212 1649 262 1696 Aut
274 1632 321 1697 fuit'
331 1681 341 1707 ,
350 1662 391 1699 aut
402 1648 505 1698 visaestt
516 1646 558 1697 scd
565 1647 613 1697 fuit
623 1645 665 1696 illa
675 1649 760 1711 magii.

176 1722 242 1775 Juffa
257 1725 313 1798 foco
326 1730 421 1792 captiva
429 1725 648 1792 fovettconctptur
659 1727 688 1776 ab
697 1723 741 1778 illa

211 1805 303 1854 Servius
312 1820 325 1853 a
334 1805 398 1856 coelo
406 1807 496 1857 semina
504 1808 580 1871 gentis
592 1804 672 1855 habet.

178 1882 250 1947 Signa
259 1878 328 1931 dedit
338 1883 459 1943 Genitor,
473 1897 525 1933 tum
536 1882 591 1933 crim
602 1897 673 1947 caput
682 1884 736 1946 igne
747 1881 846 1931 corusco
889 1884 934 1937 6³5

212 1957 342 2024 Contigit,
354 1962 426 2025 inque
437 1959 508 2009 comi
518 1958 645 2009 flammeus
656 1964 712 2029 arsit
723 1976 790 2024 apex.

179 2036 215 2086 Te
226 2053 323 2103 quoque
333 2037 460 2102 magnifici
471 2072 481 2093 ‚
498 2035 639 2094 Concordia
650 2071 658 2097 ,
669 2036 763 2087 dedicat
774 2035 824 2089 aede

212 2115 280 2165 Livia
291 2149 300 2175 ,
312 2132 385 2182 quarn
401 2130 456 2165 caro
466 2114 574 2181 praeffitit
585 2114 626 2165 illa
634 2117 697 2165 viro.

178 2193 250 2244 Disce
266 2209 361 2252 tamen,
377 2195 473 2243 venient
486 2208 559 2251 atas,
572 2192 613 2241 ubi
621 2192 689 2242 Livia
698 2207 761 2241 nunc
773 2192 806 2241 est

210 2274 333 2336 Porticus,
351 2272 474 2321 immensa
484 2272 544 2320 testa
554 2266 623 2319 fuiile
634 2267 729 2319 domus.
890 2236 938 2329 340¹

178 2351 249 2401 Urbis
258 2368 317 2418 opus
327 2349 414 2401 domus
425 2365 473 2399 una
484 2349 548 2399 fuit:
561 2350 712 2413 spatiumque
723 2346 832 2407 tenebat,

210 2429 265 2490 Quo
275 2430 368 2481 brevior
378 2432 452 2478 muris
462 2426 551 2494 oppida
557 2426 635 2475 multa
646 2440 736 2478 tenent.
827 2416 830 2423 ’

178 2508 234 2559 liet
247 2524 340 2574 aquata
347 2508 399 2557 solo
410 2507 443 2556 ell
451 2541 460 2565 ,
469 2505 538 2555 nullo
548 2506 592 2555 sub
599 2507 699 2554 crimine
707 2506 787 2569 regni,

120 2598 124 2617 ¹
209 2582 627 2651 Stdquialuxurilrisanocertsul.

177 2666 287 2716 Sustinuit
297 2679 374 2717 tantas
381 2681 482 2729 operum
492 2663 627 2713 subvertere
635 2661 731 2726 molen,
889 2660 932 2714 ⁶45

209 2744 305 2809 Totque
315 2744 367 2792 suat
376 2744 443 2791 heres
452 2741 548 2808 perdere
560 2740 641 2793 cesar
651 2760 716 2807 oper.

179 2823 216 2871 Sic
223 2824 300 2886 agitur
308 2821 415 2879 censura,
427 2823 454 2869 dc
463 2822 496 2869 ric
507 2819 616 2884 exempla
626 2834 756 2884 parantur,

210 2897 275 2948 clm
287 2896 393 2957 vindex,
408 2897 468 2946 alios
480 2896 546 2963 quod
560 2911 659 2957 monet,
670 2900 718 2963 ipse
729 2898 798 2949 facit.

81 2986 90 3000 ’
177 2975 250 3026 Nulla
257 2991 316 3026 nota
327 2976 374 3034 est,
385 2978 495 3026 veniente
506 2973 557 3035 dic,
573 2990 647 3041 quem
656 2974 742 3027 ducere
752 2979 835 3042 portic.

209 3052 288 3102 Idibus
301 3055 389 3103 invidio
398 3054 453 3103 sunt
461 3052 516 3105 data
525 3055 614 3119 templa
623 3056 686 3105 lovi.
887 3058 900 3095 ⁶
905 3063 935 3109 50

176 3132 208 3183 Et
222 3136 272 3198 jam
289 3131 452 3200 Quinquatrus
460 3133 546 3199 jubeor
552 3149 646 3184 narare
656 3137 769 3183 minores.
