2325 3959
256 445 322 510 252
398 423 441 492 Ρ.
468 426 624 495 ovinis
639 429 832 495 Nasonis

254 542 345 591 interea
355 544 428 595 nostri
437 545 497 612 quid
505 563 590 613 agant,
602 552 645 597 nisi
658 549 734 605 trille,
746 546 824 597 libelli
832 548 843 594 ἓ

286 620 358 669 Tibia
368 622 489 673 funeribus
499 628 612 676 convenit
619 626 660 675 ista
670 630 737 676 meis.

255 696 285 745 rit
294 714 387 761 poteras
397 735 406 761 ‚
417 704 511 768 inquis,
524 704 609 753 melius
620 705 682 753 mals
693 705 753 753 ferre
763 700 875 762 silendos

206 777 237 826 50
287 775 319 825 Et
328 780 485 829 tacituscalus
493 780 640 831 dissimulare
651 796 713 831 tuos.

254 853 350 927 Exigis,
362 871 389 906 ut
398 856 459 907 nulli
470 862 573 923 gemitus
584 875 703 910 tormenta
713 860 858 925 sequanturt

287 937 439 1002 Acceptoque
449 940 514 1001 gravi
523 938 621 987 vulnere
631 972 638 997 ,
651 936 707 987 flere
717 952 791 987 vetas.

254 1010 305 1076 lpse
313 1012 414 1063 Perillio
425 1015 529 1063 Phalaris
539 1018 648 1079 permisit
657 1019 683 1065 in
690 1031 735 1064 aere

287 1089 363 1140 Eclere
372 1095 490 1156 mugitus,
502 1097 528 1141 bc
537 1095 605 1143 bovis
613 1110 654 1143 orc
664 1094 740 1159 queri.

208 1164 235 1211 55
255 1167 320 1218 Crini
331 1169 418 1219 Priami
426 1170 537 1232 lacrymis
546 1170 651 1221 offensus
659 1188 709 1221 non
720 1174 751 1221 sit
761 1168 884 1228 Achilles,

287 1246 325 1294 Tu
336 1244 405 1296 fletus
414 1249 524 1309 inhibes,
536 1249 618 1299 durior
625 1250 706 1303 holle,
720 1266 795 1298 meos.

254 1322 320 1374 Crlm
331 1324 420 1375 faceret
430 1327 527 1377 Nioben
537 1329 622 1377 orbam
633 1328 720 1378 Latois
729 1327 824 1393 proles,

286 1402 344 1453 Nou
355 1418 435 1454 tamen
446 1408 470 1455 δι
481 1396 557 1455 siccas
563 1409 632 1471 jussit
643 1407 729 1455 habere
740 1420 819 1470 genas.

254 1480 294 1529 Eli
305 1481 413 1548 aliquid,
425 1482 498 1533 l'atale
508 1483 600 1533 malum
608 1501 649 1549 per
659 1484 731 1532 verba
741 1481 818 1532 levare
825 1494 836 1537 3·

205 1548 237 1589 ⁶0
287 1560 340 1609 Hoc
351 1562 475 1627 querulam
486 1562 596 1627 Prognen
607 1561 794 1627 Halcyonenque
805 1560 871 1609 lacit⁴

255 1638 309 1687 Hoc
319 1652 386 1699 erat,
397 1642 423 1688 in
433 1638 515 1704 gelido
525 1657 597 1704 quare
608 1640 723 1689 Paeaotius
733 1652 803 1688 antro

286 1715 354 1764 Voce
362 1715 472 1780 fatigaret
479 1717 579 1766 Lemnia
589 1719 642 1767 saxa
652 1717 703 1767 sui.

253 1793 390 1856 strangulat
403 1794 507 1843 inclusus
515 1793 681 1859 dolor,atque
692 1795 799 1845 meliust
808 1797 886 1846 intus:

287 1865 391 1932 Cogitur
402 1871 427 1917 bc
437 1871 497 1917 vires
507 1869 667 1934 multiplicare
678 1871 738 1919 suas.

207 1945 234 1997 ‘5
255 1944 293 1994 Da
301 1948 396 1995 veniam
406 1945 486 2011 potisls
497 1966 503 1996 s
516 1947 554 1997 vel
566 1961 631 1997 totos
643 1948 701 1997 tolle
712 1948 824 2009 libellos,

287 2023 358 2084 Hoc,
374 2028 461 2090 mihiq
477 2024 510 2075 od
524 2024 632 2090 prodest,
647 2029 665 2074 si
676 2027 720 2074 tibi
732 2061 741 2085 ‚
753 2026 842 2084 leiim,
854 2026 929 2075 obeli.

255 2099 301 2150 Sed
311 2118 388 2168 neque
398 2104 445 2153 obe
467 2103 575 2168 epoteli:
586 2103 630 2153 ulli
637 2120 681 2153 nec
693 2106 779 2168 scripta
790 2104 885 2154 fuerunt

287 2177 391 2238 Nostra,
402 2181 448 2227 nisi
461 2182 550 2229 auctori
560 2181 693 2244 perniciosa
703 2181 755 2229 suo.

256 2257 286 2305 At
297 2255 422 2307 malasunt
431 2274 437 2304 s
446 2256 523 2305 fateor
532 2276 539 2304 s
548 2260 601 2322 quis
612 2272 635 2306 re
647 2255 711 2306 mala
720 2258 810 2307 sumere
820 2261 900 2323 cogit?

206 2335 238 2378 70
288 2335 336 2382 Aut
346 2336 399 2399 quis
410 2331 536 2398 deceptum
546 2350 635 2397 ponere
647 2336 724 2383 sumta
737 2339 820 2385 vetat?

254 2412 306 2476 lpse
314 2428 360 2461 nec
369 2409 472 2461 emendo
481 2430 488 2459 z
497 2408 538 2459 sed
549 2426 575 2460 ut
582 2411 623 2461 hic
633 2410 732 2462 deducta
743 2413 869 2477 legantur,

286 2488 344 2537 Non
356 2490 410 2538 sunt
419 2487 463 2537 ills
472 2490 515 2537 suo
523 2490 659 2537 barbariora
666 2489 732 2539 loco.

253 2566 306 2616 Nec
317 2584 356 2617 me
366 2568 444 2615 Roma
455 2568 502 2614 luis
512 2563 583 2615 debet
594 2566 702 2616 conferre
711 2571 796 2632 po'e'tis.

286 2645 351 2693 luter
357 2645 505 2693 Sauromatas
516 2646 651 2708 ingeniosus
662 2662 711 2694 ero.

205 2732 234 2776 75
255 2721 363 2788 Denique
374 2722 441 2770 nulla
451 2724 511 2771 mihi
522 2737 629 2786 captatur
642 2723 734 2787 gloria,
747 2739 848 2789 quaeque

286 2798 386 2863 Ingenio
397 2800 504 2849 stimulos
510 2798 609 2849 subdere
618 2800 682 2849 fama
689 2800 757 2849 solet.

254 2876 375 2926 Nolumus
385 2876 483 2926 assiduis
491 2879 599 2927 animum
608 2879 723 2927 tabescere
732 2880 793 2927 curis
802 2897 809 2927 s

287 2955 347 3017 Qua
357 2970 438 3007 tamen
445 2958 580 3021 irrumpunt
589 2990 597 3015 ,
608 2970 823 3021 quoque-vetantur
830 2990 841 3016 ,-
851 2971 917 3005 eunt.

256 3032 308 3083 Cur
321 3034 438 3087 scribam,
448 3032 535 3093 =docui:
543 3050 585 3083 cur
593 3038 704 3093 mittam,
715 3038 834 3100 queritis,
846 3036 922 3085 ilios?

208 3099 239 3151 ⁸0
282 3112 412 3163 Vobiscum
423 3115 517 3178 cupiam
529 3113 639 3177 quolibet
650 3108 696 3161 elle
707 3110 790 3161 modo.
