2325 3959
334 382 402 469 384
476 380 521 449 P.
551 382 708 451 01²er
729 384 928 452 Nrsorurs

362 502 475 568 Quisquis
485 501 540 553 ades
551 506 637 565 sacris,
647 522 689 554 ore
700 505 795 566 favete,
807 508 876 555 meis.

328 579 444 647 Quisquis
456 579 510 631 ades
522 583 610 642 sacris,
622 583 731 647 lugubria
741 581 815 633 dieite
824 586 912 643 verba,

359 658 390 708 Et
402 658 459 709 lietu
470 657 573 709 madidis
585 660 638 708 ibin
648 658 712 709 adite
722 664 788 725 genis
799 680 806 709 s

326 735 502 803 Ominibusque
511 737 581 787 maiis
591 772 600 798 ,
610 736 757 804 pedibusque
767 740 886 789 occurrite
897 736 964 787 levis
976 757 984 787 s

271 833 321 867 ree
353 815 385 864 Et
396 819 468 880 nigrae
478 816 551 867 vestes
562 832 663 881 corpora
673 817 748 867 velita
757 832 848 881 tegant.

321 893 360 943 Tu
372 908 485 959 quoque,
496 892 556 959 quid
566 892 661 943 dubitas
671 893 754 942 ferales
765 896 857 943 sumere
867 897 941 943 victas
951 898 961 943 i

352 972 404 1020 iam
416 972 460 1021 stat
467 1006 476 1031 ,
489 973 575 1042 utipse
584 970 668 1032 vides,
680 971 769 1021 funeris
778 988 820 1023 ara
830 974 875 1021 tui.

319 1050 410 1115 Pompa
419 1065 500 1116 parata
510 1054 554 1099 tibi
566 1051 599 1099 esi
611 1070 617 1098 :
629 1052 692 1100 votis
703 1066 772 1099 mota
781 1050 885 1099 tristibus
894 1050 968 1099 absit.

351 1129 390 1179 Da
399 1129 509 1195 jugulum
520 1129 616 1188 cultris,
629 1130 704 1179 hostia
716 1129 782 1189 dita,
797 1131 864 1177 meis.

268 1207 392 1279 105Terra
402 1209 445 1256 tibi
456 1207 548 1273 fruges,
560 1210 636 1257 amnis
648 1210 692 1257 tibi
700 1206 802 1272 deneget
812 1203 903 1255 undas:

341 1286 457 1351 'Deneget
466 1286 558 1335 afflatus
568 1300 652 1336 ventus
662 1289 686 1335 δι
699 1302 755 1335 aura
765 1286 827 1335 suos.

316 1364 367 1415 Nec
380 1366 424 1415 tibi
435 1364 476 1414 Sol
488 1363 564 1413 clatus
574 1399 581 1424 ,
593 1380 638 1413 nec
649 1367 680 1413 sit
691 1365 736 1413 tibi
747 1362 826 1412 lucida
835 1360 927 1411 Phoebe
939 1378 947 1408 t
966 1387 970 1391 ·

347 1442 484 1493 Destituant
495 1441 580 1491 oculos
592 1441 674 1492 Sidera
685 1443 770 1491 cuustc
781 1456 843 1490 tuos.

313 1520 366 1571 Nec
376 1522 399 1570 se
412 1520 549 1581 Vulcanus,
562 1537 606 1569 nec
618 1522 641 1569 se
654 1521 698 1569 tibi
710 1520 813 1584 praebeat
823 1519 889 1567 ists

268 1618 315 1652 no
348 1600 400 1649 Nec
412 1600 456 1648 tibi
466 1596 508 1649 det
519 1598 617 1658 Tellus,
629 1615 673 1647 nec
685 1599 729 1647 tibi
739 1598 829 1647 Pontus
840 1598 895 1644 lter.

313 1676 401 1737 Exsul,
410 1680 479 1742 inops
489 1694 563 1736 erres,
576 1676 699 1742 alienaque
710 1676 793 1725 limina
803 1674 884 1723 lustres
895 1690 902 1722 t

344 1756 512 1821 Exiguumque
520 1770 586 1819 petas
596 1771 637 1803 ore
648 1769 764 1805 tremente
776 1752 866 1803 cibum.

310 1832 363 1882 Nec
374 1849 458 1898 corpus
469 1832 588 1898 querulo,
599 1848 643 1881 uec
655 1849 722 1881 mens
732 1846 800 1883 vacet
810 1846 889 1895 segre,
901 1826 1005 1879 doloret
1070 1849 1072 1853 ·

342 1910 445 1976 Noxque
456 1908 495 1960 die
507 1913 601 1975 gravior
612 1913 642 1959 sit
654 1913 712 1969 tibi,
726 1913 795 1959 nosie
806 1907 866 1960 dies.

262 1988 392 2060 115Sisque
403 1989 474 2037 miser
485 1991 593 2053 semper,
605 2005 648 2037 nec
659 1991 688 2037 sit
700 1987 840 2042 miserabilis
848 1985 893 2035 ulli
906 2005 913 2036 s

341 2063 451 2115 Gaudeat
461 2062 564 2116 adversis
576 2064 666 2114 semina
675 2068 759 2131 virque
769 2068 823 2114 tuis,

306 2138 412 2188 Accedat
422 2140 533 2203 lacrymis
545 2139 647 2195 odium,
658 2138 792 2205 dignusque
802 2154 901 2203 putere,

339 2216 387 2277 Qui
397 2218 462 2269 mala
472 2234 528 2266 tum
540 2216 620 2266 tuleris
631 2218 751 2282 plurima,
764 2216 832 2281 plura
843 2215 913 2264 seras.

305 2294 401 2359 Sitque,
413 2293 479 2360 quod
490 2296 627 2353 elisarum,
642 2296 714 2344 solito
725 2293 816 2344 desesia
827 2293 927 2349 favore,

258 2392 304 2426 rto
338 2373 459 2423 AEtumnae
470 2373 541 2422 saciet
551 2372 670 2425 invidiosa
681 2388 736 2423 ttrae.

304 2446 430 2515 Causaque
440 2465 490 2497 non
500 2449 561 2502 desit
571 2485 579 2511 ,
590 2451 651 2501 desit
659 2454 704 2501 tibi
714 2453 783 2516 copia
794 2451 889 2499 mortis.

329 2528 444 2591 Optatam
455 2528 531 2593 fugiat
541 2533 591 2579 vita
602 2532 785 2579 coada‘necem.

300 2606 460 2671 Lusiatusque
472 2604 513 2656 diu
525 2610 642 2657 cruciatos
653 2611 747 2673 spiritus
758 2624 821 2674 artus

333 2684 447 2743 Desetsts
462 2688 485 2733 it
497 2684 570 2749 longit
581 2700 691 2752 torqueat
704 2702 759 2735 aute
769 2686 848 2735 mori.

253 2759 417 2832 125Evenieut
430 2781 436 2809 ε
448 2760 515 2811 dedit
526 2765 574 2827 ipse
586 2768 646 2813 mihi
660 2763 736 2814 modi
748 2769 814 2831 signa
824 2765 899 2815 futuri

332 2840 435 2889 Phoebus
448 2858 454 2888 :
466 2844 491 2889 ὃ(
503 2857 517 2889 a
528 2841 587 2891 laeva
598 2842 677 2892 maesta
686 2843 779 2893 volavit
789 2846 848 2895 avis.

232 2938 235 2947 =
299 2909 371 2960 Certi
381 2928 440 2976 ego,
454 2928 506 2978 quae
514 2929 609 2974 voveo,
623 2917 724 2980 Superos
734 2933 829 2967 motura
839 2919 949 2983 putabor

331 2990 421 3055 Speque
434 3004 478 3037 tuae
490 2993 592 3061 mortis,
603 2991 707 3057 perside,
718 2996 810 3059 semper
821 2997 879 3045 alar.

297 3064 375 3118 finiet
387 3066 430 3117 illa
440 3065 503 3131 dits,
515 3084 567 3135 quae
577 3082 600 3119 te
609 3072 670 3120 mihi
680 3072 801 3123 subtrthet
811 3074 872 3123 olim
883 3093 891 3124 s
