2325 3959
239 400 380 466 Errsr.
404 415 459 465 nx
485 398 638 465 ΡοΝΤο
661 399 698 466 L.
723 373 766 465 r.‘
788 400 850 482 283

173 519 263 570 Lenito
280 519 399 570 medicam
409 520 507 570 vulnere
518 520 589 568 sensit
600 537 671 584 opem
683 538 688 567 ε

138 597 178 644 Sic
194 614 242 661 ego
251 614 332 647 mente
344 602 440 663 jacens,
451 602 477 647 it
488 598 575 645 acerbo
584 599 673 646 saucius
684 599 745 660 isin,
759 622 762 627 ¹

173 674 310 725 Admonitu
320 679 383 739 coepi
394 676 479 724 sortior
491 671 538 723 effe
555 689 606 723 tuo.

138 752 172 799 Et
189 758 241 813 jam
258 752 371 801 defitiens
387 756 421 801 sic
436 751 467 803 ad
482 768 524 803 tua
534 753 606 801 verba
621 753 713 810 revixi,

174 830 211 879 Ut
222 831 284 879 solet
300 831 379 879 infuso
395 847 456 881 vena
473 829 548 879 redire
560 846 636 878 mero.
875 854 905 887 10

138 906 201 955 Non
214 923 297 957 tamen
311 909 416 957 exhibuit
429 923 506 958 tantas
519 905 631 957 facundia
643 908 703 956 vires
716 939 725 967 ,

173 984 210 1034 Ut
226 1002 281 1055 mea
296 989 344 1035 sint
359 985 426 1036 disiis
438 988 598 1051 peliorasana
614 987 669 1034 ruis.
737 1014 742 1033 r

134 1061 175 1110 Ut
193 1062 299 1112 multum
312 1062 395 1112 nostrae
407 1063 488 1113 demas
499 1062 528 1112 de
539 1065 632 1128 gurgite
646 1076 707 1111 curae
719 1078 728 1120 ς

173 1140 234 1190 Non
244 1143 323 1191 miuus
334 1139 539 1207 exhaustopquod
550 1140 688 1205 superabit,
704 1140 758 1187 erit.

138 1219 264 1282 Tempore
275 1214 375 1268 ducetur
386 1218 461 1283 longo
475 1216 571 1268 sortasse
583 1219 695 1267 cicatrixs
878 1224 901 1271 Η

174 1295 282 1345 Horrent
293 1292 402 1343 admotas
412 1295 511 1344 vulnera
520 1292 594 1343 cruda
601 1308 695 1341 manue.

141 1372 203 1421 Non
219 1371 252 1419 est
267 1374 293 1420 in
303 1369 407 1421 medicov
416 1373 525 1436 semper,
538 1371 654 1420 relevetur
664 1385 690 1419 ut
705 1384 775 1435 ager.

175 1446 301 1497 Interdum
311 1446 381 1498 dosii
392 1449 445 1513 plus
455 1448 520 1499 valet
527 1464 577 1498 arte
585 1448 687 1498 malum.

140 1525 243 1585 Cernis,
259 1540 309 1575 ute
324 1526 395 1575 molli
410 1528 502 1591 sanguis
512 1526 628 1591 pulmone
639 1520 747 1574 remissus

174 1602 212 1653 Ad
225 1606 317 1669 Stygias
328 1619 394 1654 cerro
403 1605 481 1654 limite
491 1602 563 1654 ducat
574 1620 656 1669 aquas.
876 1622 906 1657 ro

139 1680 233 1731 Afferat
241 1684 290 1747 ipse
301 1682 359 1731 licet
369 1683 444 1731 sacras
456 1680 597 1750 Epidaurius
608 1682 691 1730 herbas
699 1714 721 1747 ‚,

173 1761 271 1809 Sanabit
281 1760 349 1811 nulls
361 1760 461 1811 vulnera
470 1758 549 1809 cordis
560 1777 617 1825 ope.

140 1837 239 1886 Tollere
246 1836 363 1888 nodosam
373 1840 449 1889 nescit
458 1837 577 1888 medicina
588 1837 719 1903 podagram
731 1871 740 1901 ,

173 1916 226 1963 Nec
242 1914 377 1972 formidatis
390 1916 516 1965 auxiliatur
533 1920 609 1982 aquis.

141 1992 208 2044 Cura
216 2010 312 2058 quoque
322 1992 444 2042 interdum
453 1993 521 2041 nulla
529 1992 678 2042 medicabilis
689 2008 738 2043 arte
749 2011 757 2051 ς

175 2073 223 2119 Αυῑ
235 2104 243 2128 ,
261 2073 343 2129 ursit,
357 2069 430 2133 longi
438 2071 469 2117 est
480 2068 629 2119 extenuanda
639 2070 715 2118 mori.

139 2148 205 2198 Crlrrr
216 2149 275 2196 bene
286 2144 412 2195 firmarunt
423 2150 530 2195 animum
542 2162 658 2211 praecepta
669 2151 804 2210 jacentem,

175 2228 304 2289 Sumraque
316 2227 369 2273 sunt
380 2225 449 2273 nobis
460 2226 561 2288 pedoris
570 2239 638 2272 arma
649 2226 700 2281 tui3
721 2224 725 2235 ’

140 2302 227 2350 Rursus
238 2318 305 2350 amor
317 2304 397 2366 patriae
409 2336 417 2359 ,
428 2305 520 2350 rarione
531 2301 649 2351 valentior
663 2305 731 2351 omni
743 2335 752 2361 ‚

110 2428 115 2442 ,
173 2377 245 2439 Quod
261 2393 302 2428 tua
318 2394 443 2429 texuerunt
454 2381 557 2444 scripta,
573 2382 659 2429 retexit
671 2397 741 2446 opus.
873 2400 901 2443 50
917 2395 922 2410 s

141 2458 193 2507 Sive
210 2460 276 2521 pium
292 2460 328 2507 vis
342 2459 406 2516 hoc,
418 2460 467 2506 sive
479 2460 524 2506 hoc
540 2447 657 2506 muliebre
667 2460 765 2517 vocari,

173 2534 299 2583 Confiteor
310 2537 398 2583 misero
408 2535 482 2584 molle
494 2552 535 2583 cor
548 2534 594 2583 effe
606 2538 675 2583 mihi.

141 2611 198 2665 Non
210 2609 283 2659 dubia
296 2611 327 2658 est
337 2612 413 2660 lthaci
424 2610 564 2676 prudentia:
574 2611 616 2661 sed
626 2628 707 2663 tamen
719 2628 787 2678 optat

173 2690 274 2736 Fumurn
285 2686 314 2736 de
324 2691 405 2752 patriis
417 2687 482 2752 posse
493 2688 573 2738 videre
587 2690 656 2739 focis.

141 2766 227 2816 Nescio
238 2765 285 2831 qui
296 2765 374 2813 natale
382 2765 459 2814 solum
471 2764 597 2815 dulcedine
608 2782 690 2831 captos
872 2786 896 2830 35
917 2802 920 2812 r

173 2843 262 2896 Ducit.
279 2845 303 2891 δι
318 2845 470 2891 immemores
485 2860 534 2893 non
546 2848 602 2894 sinit
615 2842 661 2893 effe
677 2848 719 2895 sui.

143 2920 208 2982 Quid
218 2921 303 2970 melius
320 2920 398 2969 Romi
409 2925 418 2971 ἒ
435 2922 547 2983 Scythico
556 2921 616 2989 quid
633 2924 722 2989 frigore
732 2929 798 2991 pejus
809 2930 818 2975 i

174 2999 225 3048 Huc
237 3014 317 3048 tamen
328 3015 355 3048 ex
364 3000 408 3049 illi
419 3001 529 3050 barbarus
540 3003 597 3051 urbe
611 3002 682 3067 sugit.

143 3074 206 3129 Cum
217 3077 277 3127 bene
291 3079 323 3126 sir
340 3077 424 3129 clause
434 3079 506 3132 cavei
520 3077 728 3139 Pandionem,
