2325 3959
291 402 568 481 Tursrr'uu
592 406 683 475 Lr'u.
709 401 767 476 ΙΙ.
823 411 888 493 189

176 527 245 580 cum
257 536 330 598 eoepit
341 528 447 598 quass'ata
458 529 545 580 domus
559 527 692 590 subsidere,
703 543 780 594 partes

212 609 238 657 In
249 611 393 675 proclinatas
401 622 477 659 'omne
489 609 608 657 recumbit
617 623 693 656 nnus:

180 683 337 754 Cuniiaque,
355 685 461 736 Fortuni
471 689 556 734 rimam
566 685 686 744 faciente,
698 684 832 736 dehiscunt.
910 711 938 773 35

214 766 266 830 ipsa
276 769 319 816 suo
329 763 452 832 quondam
463 762 567 828 pondere
580 765 640 811 testa
651 779 730 813 ruunt.
749 757 754 767 ⁸

181 839 246 906 Ergo
256 845 384 893 hominurn
393 845 518 908 quesitum
529 840 614 890 odium
625 844 684 890 mihi
692 845 808 891 carmine:
817 843 893 910 qudqt

64 964 68 972 .
141 973 147 987 Ι
216 919 323 981 Debuit,
341 922 373 971 est
388 921 467 972 vultus
479 922 546 970 turba
556 922 637 968 secuta
648 935 711 970 tuos.

183 991 365 1058 At,‘rnerrrini,
379 1003 500 1064 vitamque
511 1015 590 1047 meam
601 1015 728 1064 morerque
737 999 854 1064 probabas

94 1113 98 1118 .
195 1129 199 1136 ,
216 1076 281 1136 Illo,
299 1096 370 1145 quem
381 1077 478 1128 dederas
489 1081 670 1150 ,praetereuntis
682 1095 754 1143 equo.
911 1107 944 1152 90

184 1154 257 1216 Quod
268 1160 287 1206 si
298 1173 347 1206 non
358 1155 451 1223 prodest
462 1191 469 1216 ,
484 1159 507 1204 &
518 1156 610 1204 honesti
621 1159 697 1220 gratia
708 1155 774 1204 nulla

217 1233 333 1283 Redditur
342 1253 350 1292 3
363 1251 387 1284 at
397 1235 491 1283 nullum
503 1237 594 1282 crimen
604 1232 703 1298 adeptus
713 1250 788 1282 eram.

184 1307 237 1360 Nec
252 1311 314 1359 mali
331 1309 457 1360 commiffa
472 1311 504 1358 est
516 1312 585 1358 nobis
602 1311 698 1359 fortuna
713 1328 828 1373 reorum,

218 1387 306 1453 Lisque
320 1387 403 1438 decem
419 1386 496 1436 decies
507 1386 653 1450 inspicienda
662 1391 727 1438 viris.

188 1465 235 1512 Res
248 1483 345 1530 qunque
356 1469 457 1530 privatas
470 1465 537 1513 statui
548 1467 598 1512 sine
608 1468 706 1512 crimine
717 1464 800 1530 judex:
915 1493 944 1538 95

221 1541 306 1606 Deque
318 1543 371 1591 med
381 1539 439 1590 fassa
450 1543 481 1590 est
491 1559 543 1606 pars
553 1559 650 1608 quoque
658 1545 719 1593 vidia
732 1542 787 1592 fide.

189 1617 232 1668 Me
250 1621 360 1668 miserum
372 1621 378 1668 Ξ
399 1623 467 1686 potui
478 1655 485 1678 ,
499 1622 517 1667 si
529 1637 577 1668 nnn
589 1636 694 1669 extrema
704 1636 834 1682 nocerent,

226 1694 321 1745 iudicio
333 1712 396 1745 tutus
407 1713 456 1746 non
467 1695 539 1744 semei
550 1693 597 1745 effe
609 1711 660 1745 tuo.

189 1771 283 1825 Ultima
295 1791 332 1822 me
343 1772 445 1840 perdunt
457 1776 573 1838 :imoque
584 1774 627 1822 sub
637 1774 732 1840 aequore
743 1778 829 1841 mergit

160 1859 164 1866 '
222 1851 713 1917 Incolumemtotiesunaprocellaretem.
905 1871 952 1906 100

191 1927 243 1976 Nec
253 1931 311 1976 mihi
327 1945 378 1993 pars
389 1933 472 1976 nocuit
484 1926 513 1976 de
524 1932 618 1993 gurgite
629 1945 700 1992 parva
711 1949 717 1976 ε
729 1919 770 1979 sed
780 1947 865 1981 omncs

225 2003 326 2053 Preffere
337 2008 383 2053 hoc
395 2003 491 2063 fluetus,
508 2005 679 2070 Oceanusque,
694 2023 775 2072 caput.

194 2081 246 2132 Cur
258 2080 349 2147 aliquid
359 2080 426 2131 vidi?
439 2099 480 2130 cur
491 2085 562 2130 noxia
573 2083 666 2130 lumina
677 2083 740 2141 feci?

226 2160 278 2210 Cur
289 2159 435 2225 imprudenti
444 2161 540 2224 cognita
549 2159 620 2223 culpa
629 2162 690 2208 mihi
701 2164 710 2208 ἓ

196 2239 285 2288 Inscius
301 2241 395 2288 Aeiaenn
411 2235 474 2287 vidit
489 2241 538 2286 eine
550 2238 611 2286 veste
623 2237 743 2287 Dianamt
854 2229 881 2235 θ
913 2263 954 2308 ¹05

228 2316 310 2366 Praeda
326 2317 372 2366 fuit
389 2317 485 2366 canibus
496 2333 546 2364 non
560 2314 638 2364 minuis
650 2315 692 2364 ilie
701 2318 756 2365 suis.
775 2338 779 2349 ¹

195 2396 291 2444 Scilicet
300 2397 326 2443 in
334 2397 426 2460 Superis
438 2396 510 2444 etiarn
522 2392 618 2442 fortuna
629 2391 716 2442 luenda
726 2394 759 2443 est
770 2413 778 2453 3

229 2473 281 2522 Nec
297 2475 411 2528 veniam,
422 2472 478 2520 iaeso
488 2474 588 2520 numine
600 2505 608 2530 ‚
620 2472 686 2520 cesus
696 2474 778 2522 habet.

196 2550 243 2600 iili
254 2567 355 2616 namque
368 2549 423 2608 die,
435 2548 483 2616 qui
492 2565 531 2597 me
543 2549 620 2598 maius
632 2550 727 2600 abstulit
736 2568 801 2601 error
813 2587 822 2612 ,

231 2629 306 2678 Parva
315 2627 413 2693 quidem
424 2630 509 2691 periit,
520 2625 560 2675 sed
571 2631 620 2676 sine
631 2629 700 2688 labe,
711 2629 807 2680 domus.

200 2709 238 2756 sic
250 2690 428 2770 quoqueparva
436 2719 516 2752 tamen
526 2737 533 2761 ‚
545 2707 624 2767 patrio
630 2704 723 2755 dicatur
734 2723 761 2756 ut
772 2722 824 2760 aet'o
881 2737 887 2744 ·

233 2782 318 2836 Ciara,
331 2797 375 2830 nee
393 2780 463 2829 uilius
476 2781 601 2830 nobilitate
613 2786 701 2833 minor.

163 2857 167 2860 ’
200 2860 236 2916 Et,
243 2876 318 2924 neque
329 2856 418 2908 divitiis
431 2893 438 2916 ‚
456 2874 498 2906 nee
508 2873 645 2922 paupertate
654 2861 774 2913 notanda:

235 2934 306 2985 Unde
317 2935 344 2984 fit
355 2937 380 2984 in
391 2949 501 2984 neutrum
514 2936 694 3000 conspiciendus
703 2955 782 3006 eques.
799 2983 803 2991 .

203 3018 238 3064 Sit
248 3031 343 3079 quoque
354 3013 432 3062 nostra
442 3010 528 3062 domus
537 3014 575 3061 vel
588 3017 658 3064 censu
669 3033 754 3082 parva,
770 3022 808 3075 vei
821 3038 874 3075 ortu
888 3043 894 3084 3
918 3050 959 3101 ¹¹5

236 3095 336 3165 iugenio
347 3091 410 3142 certi
419 3107 468 3142 non
476 3091 534 3148 latet
546 3091 589 3143 iiia
598 3108 662 3147 meo.

914 2662 960 2699 110
