2325 3959
293 426 569 494 Tnzsrinn
610 415 712 486 Lan.
744 415 776 482 1.
841 419 903 505 185

198 845 345 964 Etanna
356 930 512 980 quecumque
523 914 554 963 eil
563 927 617 962 toto
626 913 669 961 eibi
679 911 738 960 leela
747 909 846 971 libello,

230 991 270 1040 Est
280 994 340 1041 mihi
350 991 448 1042 solicita
458 1007 564 1056 tempore
576 992 638 1040 sada
649 992 714 1040 vitae.

195 1069 244 1120 Aut
251 1071 312 1118 hauc
319 1087 358 1119 me
367 1106 376 1130 ‚
384 1069 459 1135 gelidi
465 1085 591 1120 tremerem
602 1085 657 1118 cum
665 1066 893 1118 menseDeeembiis
899 1101 908 1126 ,

227 1147 719 1211 scribentemmediislladtiaviditaquis:

193 1224 257 1278 Aut,
274 1225 327 1289 post
334 1225 409 1290 quim
421 1227 536 1274 bimarem
545 1228 615 1274 cursu
622 1227 782 1288 superavimus
789 1223 907 1282 Isthmon,
926 1230 937 1274 l
979 1256 982 1261 ·

226 1302 353 1366 Alteraquc
365 1303 397 1351 est
406 1303 490 1352 nostrae
500 1306 579 1354 sumta
590 1306 671 1351 catina
680 1302 751 1366 fugae.

194 1377 268 1439 Quod
279 1379 383 1430 facerem
396 1382 475 1428 versus
486 1384 547 1429 inter
558 1381 609 1429 fera
616 1395 739 1428 murmura
749 1380 819 1442 ponti
831 1411 840 1437 ,

226 1456 248 1506 C
252 1455 345 1519 ycladas
355 1457 438 1522 AEgeas
445 1455 588 1521 obstupuiffe
596 1471 664 1522 puto.

194 1532 246 1599 lpse
256 1550 302 1598 ego
312 1550 376 1584 nunc
388 1538 479 1594 miror,
495 1539 566 1584 tantis
578 1538 711 1601 animisque
723 1535 842 1599 marisque

225 1611 346 1660 fludiibus
355 1615 477 1677 ingenium
488 1629 538 1662 non
549 1612 659 1662 cecidille
670 1629 760 1662 meum.

192 1691 237 1740 Seu
249 1690 328 1754 stupor
338 1692 394 1739 huic
404 1689 498 1744 studio,
512 1695 560 1740 sive
571 1694 628 1740 huic
638 1693 729 1739 insania
739 1704 829 1738 nomen
839 1705 848 1746 3

223 1769 310 1817 Omnis
320 1771 350 1817 ab
361 1771 405 1817 hac
415 1768 471 1818 curi
482 1785 548 1818 mens
557 1769 661 1818 relevata
670 1782 723 1816 mea
734 1767 775 1816 est.

191 1849 256 1911 Saepe
264 1863 309 1911 ego
319 1849 435 1895 nimbosis
446 1846 531 1897 dubius
542 1848 644 1912 Jadlabar
655 1848 685 1895 ab
697 1842 792 1903 Hedis3

225 1925 289 1987 Saepe
301 1926 380 1971 minax
392 1926 500 1988 Steropes
510 1923 585 1972 sidere
596 1939 684 1988 pontus
695 1937 762 1980 eret3

192 2001 354 2066 Fuscabatque
365 2000 430 2049 diem
442 2002 518 2050 custos
530 1999 717 2063 Erymanthidos
727 1999 794 2046 Ursae
805 2015 813 2055 ς

224 2080 273 2128 Aut
288 2077 383 2140 Hyadas
394 2079 460 2128 savis
470 2093 566 2128 auxerat
573 2079 654 2127 Auster
664 2081 741 2142 aquis.

191 2157 256 2220 Saepe
270 2159 341 2204 maris
354 2172 406 2219 pars
418 2158 481 2206 intus
491 2170 556 2212 erat3
568 2171 649 2204 tamen
658 2156 707 2218 ipse
718 2156 830 2203 trementi

223 2233 339 2283 Carmina
350 2231 467 2288 ducebam
474 2233 659 2298 qualiacumque
666 2248 748 2280 mauu.

190 2312 261 2363 Nunc
272 2329 368 2380 quoque
379 2315 486 2361 conteuti
502 2310 605 2360 stridunt
615 2311 733 2375 Aquilone
745 2307 870 2369 rudentes,

222 2391 297 2456 Inque
307 2388 408 2440 modum
422 2389 508 2439 tumuli
514 2405 620 2440 concava
629 2391 704 2452 surgit
711 2405 772 2454 aqua
781 2405 789 2445 3

189 2465 241 2530 lpse
253 2468 396 2530 guberuator
410 2466 497 2516 tollens
509 2464 539 2515 ad
549 2465 627 2520 sidera
638 2466 729 2530 palmae

223 2544 335 2607 Exposcit
345 2547 408 2594 votis
418 2577 426 2603 ‚
438 2549 567 2594 immemor
578 2548 651 2602 artis,
663 2561 746 2609 opem.

192 2620 351 2685 Quocumque
359 2622 465 2682 aspicio,
481 2620 542 2668 nihil
555 2621 603 2678 est,
615 2625 661 2670 nisi
672 2621 756 2670 m'ortis
766 2625 848 2685 imago
858 2639 867 2682 3

224 2697 303 2756 Quane
315 2695 391 2744 dubid*
397 2701 470 2746 timeo
479 2713 575 2756 mente,
589 2702 721 2763 timensque
732 2716 825 2763 precor.

190 2777 300 2839 Attigero
310 2789 425 2838 portum,
443 2789 513 2838 portu
522 2777 628 2826 terrebor
638 2779 668 2824 ab
678 2779 741 2842 ipso.

224 2853 279 2902 Plus
290 2853 361 2906 habet
371 2851 455 2900 infesti
464 2867 524 2902 terra
534 2856 627 2902 timoris
638 2854 709 2920 aqud.

191 2931 255 2984 Nam
267 2929 337 2980 simul
347 2927 438 2979 insidiis
448 2931 573 2978 hominum
585 2930 710 2996 pelagique
719 2931 820 2992 laboro,

224 3010 255 3058 Et
271 3009 362 3058 faciunt
372 3010 480 3076 geminos
496 3012 595 3060 ensis&
611 3009 770 3060 undametus.

189 3087 234 3142 llle
245 3103 301 3140 meo
308 3103 390 3140 vereor
399 3103 429 3140 ne
439 3088 516 3152 speret
526 3088 639 3158 sanguiue
650 3086 779 3159 predam,
861 3147 866 3156 ι
