2325 3959
328 359 396 434 264
469 347 512 415 P.
540 348 696 415 Ournrr
722 349 917 414 NASONIS

356 470 472 536 videque
480 470 585 534 pugnaci
594 472 646 534 jura
656 470 699 517 sub
709 469 763 517 ense
776 473 862 534 jacent.

324 548 429 597 Pellibus
444 551 467 597 br
483 547 539 595 laxis
550 562 631 595 arcent
641 546 704 597 mali
715 546 805 611 frigora
819 550 926 608 braccis;

274 640 305 688 5⁰
356 626 450 691 Oraque
460 628 515 675 sunt
524 626 604 690 longis
615 623 712 674 horrida
724 628 784 673 resia
794 628 879 675 comis.

321 702 348 751 ln
363 706 443 767 paucis
453 717 576 753 remanent
587 703 664 767 Grajae
674 701 770 766 vestigia
782 702 879 773 liuguae:
944 723 948 728 ·

352 780 410 829 Haec
424 797 520 846 quoqne
536 784 585 843 jam
596 780 681 829 Getico
692 780 791 830 barbata
803 780 863 832 fana
875 785 947 833 sono.

319 858 391 907 Ullus
402 862 426 907 in
439 862 484 907 hoc
498 861 537 908 vix
548 858 581 905 est
591 856 697 922 populo,
711 859 752 923 qui
766 857 828 906 forte
840 858 923 910 latine

351 936 470 997 Quaelibet
480 953 492 984 e
502 933 584 984 medio
595 933 692 984 reddere
702 936 774 984 verba
785 952 864 1000 queat.

270 1021 281 1068 5
288 1022 297 1067 5
318 1013 362 1063 llle
371 1030 416 1078 ego
427 1014 548 1061 Romanus
558 1028 639 1067 vates,
652 1014 785 1077 ignoscite,
798 1014 887 1069 Musa,

349 1094 480 1141 Sarmatico
490 1106 565 1157 cogor
575 1090 678 1155 plurima
690 1104 757 1138 more
768 1090 845 1155 loqui,

314 1169 352 1219 En
371 1166 460 1233 pudet,
473 1170 497 1215 bt
509 1168 586 1216 sateor
595 1184 603 1223 3
621 1172 670 1232 jam
688 1165 842 1217 desuetudine
858 1168 934 1235 longi

346 1248 393 1296 Vix
405 1247 505 1294 subeunt
514 1248 559 1310 ipsi
568 1247 640 1295 verba
648 1246 731 1295 Latina
742 1248 812 1295 mihi.

312 1320 365 1372 Nec
376 1320 461 1370 dubito
472 1356 481 1381 ,
494 1324 553 1385 quin
566 1324 615 1369 rint
624 1324 649 1370 bc
660 1324 684 1369 in
697 1322 744 1369 hoc
755 1337 805 1369 non
816 1338 888 1385 pauca
901 1318 991 1377 libello

263 1410 295 1449 σο
344 1400 460 1450 Barbara:
472 1415 521 1448 uon
532 1400 637 1447 hominis
646 1398 735 1463 culpa,
746 1396 837 1448 sedilia
848 1400 906 1449 loci.

310 1478 348 1529 Ne
365 1492 445 1526 tamen
461 1478 569 1526 Ausonia
584 1474 681 1539 perdam
693 1478 836 1525 commercia
847 1478 953 1543 linguae,

342 1556 372 1604 Et
384 1554 426 1604 fiat
438 1557 515 1619 patrio
528 1571 576 1603 vox
587 1569 641 1602 ntea
651 1568 717 1602 muta
728 1555 803 1611 sono;

307 1634 358 1698 lpse
369 1633 456 1697 loquor
465 1648 578 1692 mecum,
592 1631 735 1698 desuetaque
746 1633 817 1683 verba
827 1636 927 1685 tetradio
937 1672 946 1697 ,

339 1711 370 1759 Et
386 1708 456 1758 studii
466 1724 547 1773 repeto
559 1712 626 1775 signa
631 1710 722 1759 sinistra
732 1712 788 1759 mei.

258 1801 286 1857 σς
305 1790 344 1838 Sic
354 1790 461 1835 animum
472 1800 612 1852 tempusque
624 1788 693 1835 traho
704 1802 805 1853 :meque
817 1788 865 1851 ipse
879 1788 973 1841 reduco

337 1867 358 1915 A
373 1863 554 1929 contemplatu,
569 1865 763 1929 submoveoque,
778 1865 846 1913 mali.

304 1942 457 1995 Carminibus
472 1958 553 2008 quaero
565 1944 702 1991 miserarum
711 1942 804 1993 oblivia
815 1960 907 1992 rerum:

335 2022 434 2071 Praemia
445 2023 464 2069 si
474 2018 553 2069 studio
563 2021 697 2085 consequor
707 2019 764 2077 ista,
773 2023 809 2069 sat
819 2019 859 2068 est.

301 2161 1018 2237 c===ssfflffl=======s

431 2270 869 2372 uuucravrrn

297 2405 359 2521 l&
370 2486 387 2519 o
395 2487 410 2518 rr
429 2468 490 2519 adeo
502 2469 594 2526 cecidi,
604 2471 712 2535 quamuis
723 2467 826 2533 dejesius
836 2506 843 2528 ‚
856 2486 883 2520 nt
894 2474 958 2522 infra

327 2549 363 2597 Te
378 2562 475 2613 quoque
489 2550 535 2595 sim
545 2568 551 2594 ι
563 2547 663 2596 inferius
673 2563 722 2613 quo
733 2547 794 2595 nibil
805 2545 851 2596 effe
863 2552 947 2611 potest.

293 2627 353 2688 Quae
369 2627 412 2673 tibi
423 2641 458 2673 res
468 2628 561 2673 animos
570 2628 596 2673 in
608 2640 645 2673 me
658 2624 732 2684 facit,
746 2627 871 2689 improbe?
889 2644 961 2678 curve

324 2702 425 2753 Casibus
439 2702 554 2761 insultas,
572 2718 632 2767 quos
644 2717 710 2766 potes
720 2704 768 2767 ipse
778 2706 828 2767 pati
840 2706 848 2751 i

188 2780 190 2783 ⁴
259 2782 272 2834 ἰ
291 2781 343 2833 Nec
353 2780 416 2829 mala
428 2795 451 2829 te
467 2777 570 2829 reddunt
585 2782 669 2828 mirem
682 2778 834 2844 placidumve
849 2783 937 2844 jacenti

323 2859 424 2917 Nostra,
442 2859 527 2923 quibus
540 2860 632 2922 possint
643 2857 794 2918 illacrymata
808 2857 882 2906 serzi

290 2938 343 2989 Nec
353 2939 439 2985 metuis
450 2934 524 2985 dubio
541 2936 651 2985 Fortuna
662 2936 742 2983 stantis
759 2938 785 2983 in
795 2936 853 2984 orbe

323 3016 419 3067 Numen
430 3049 439 3076 ,
458 3017 483 3065 bc
494 3015 568 3063 exosa
578 3014 649 3065 verba
660 3013 759 3078 superba
769 3011 845 3062 Deae?

901 3090 1005 3159 EaIget,
