2325 3959
184 453 895 540 mmlsseisswffi

160 569 164 577 ’
353 609 732 680 LIBERIV.

279 773 536 836 nuncil
592 769 804 834 antur
880 772 883 778 ¹
977 779 984 790 ·⁴

186 861 241 980 St
253 946 301 999 qua
313 936 372 983 meis
382 933 486 996 fuerlur,
505 948 532 986 ut
541 950 628 994 erunt,
642 931 730 983 vitiosa
741 929 847 989 libellis,

217 1011 332 1062 Excusare
343 1015 386 1063 suo
398 1029 505 1080 tempore
518 1049 525 1073 ‚
538 1015 625 1066 ledior,
637 1013 706 1060 habe.

182 1088 254 1140 Exsul
264 1108 329 1141 eram
341 1110 350 1151 ς
361 1096 499 1158 requiesque
511 1094 588 1152 mihi,
601 1107 652 1139 non
665 1089 731 1137 fama
740 1087 814 1151 petita
825 1081 859 1131 est
870 1096 879 1139 3

215 1171 286 1220 Mene
303 1173 394 1220 intenta
404 1173 450 1220 suit
459 1187 489 1220 ne
502 1171 566 1220 foret
577 1185 652 1235 usque
662 1166 741 1218 malis.

72 1265 82 1274 r
182 1244 238 1296 Hoc
256 1249 305 1303 est.
320 1265 362 1298 cur
372 1263 451 1298 cantet
463 1251 554 1297 vinum
563 1263 660 1313 quoque
674 1243 790 1309 compede
801 1239 894 1301 folior,
914 1245 924 1284 l

217 1325 320 1375 indocili
331 1341 431 1374 numero
441 1326 496 1374 edna
508 1341 578 1390 grave
595 1323 677 1373 mollit
693 1337 768 1386 opus:

184 1401 275 1454 Cantet
291 1407 331 1462 bc,
349 1406 454 1453 innitens
470 1403 562 1451 limosae
575 1417 664 1466 pronus
673 1413 768 1456 arenae,

217 1473 322 1531 Aduerso
332 1479 424 1530 tardam
436 1483 478 1546 qui
493 1481 566 1528 trahit
575 1495 646 1527 amne
657 1492 742 1526 ratem.

183 1557 279 1624 Quique
290 1558 366 1607 ferens
373 1561 462 1623 -parirer
471 1556 549 1606 lentos
560 1555 590 1605 ad
600 1558 695 1621 pellere
705 1568 803 1614 retnot,

216 1637 243 1685 ln
255 1653 380 1686 numerum
391 1635 459 1702 pulsi
469 1636 565 1684 brachia
574 1635 651 1684 versat
661 1633 732 1700 aqud.
915 1640 945 1673 10

182 1711 262 1764 Felsus
274 1729 302 1764 ut
318 1714 426 1762 incubuit
438 1712 524 1762 baculo
536 1747 543 1772 ‚
558 1713 642 1762 saxove
653 1708 740 1760 resedit

216 1792 311 1852 Pallor,
327 1791 458 1842 arundineo
474 1793 580 1840 carmine
595 1791 685 1840 mulcet
698 1803 764 1838 over.

108 1890 112 1894 ·
183 1868 310 1920 Centauris
325 1873 427 1934 pariter,
444 1867 598 1934 pariterdara
610 1869 680 1934 pensa
695 1867 826 1925 trahentis,

215 1947 313 1996 Fallitur
322 1947 415 1996 ancille
425 1945 589 2012 decipiturque
596 1946 673 1994 labor.

182 2023 265 2074 Fertur
277 2028 320 2084 bc,
335 2022 436 2073 abducta
447 2022 600 2086 lyrnesside,
614 2023 683 2072 tristis
695 2021 798 2071 Achilles
913 2016 940 2064 ¹5

217 2100 343 2150 Haemonii
354 2116 420 2150 curat
432 2098 561 2150 attenualse
573 2101 635 2162 lyrl.

182 2175 249 2227 cim
264 2178 366 2225 traheret
375 2175 446 2226 silvas
455 2176 564 2240 Orpheus
576 2179 600 2224 bc
611 2173 671 2224 dura
680 2170 789 2224 canendo

216 2256 292 2314 Saxa,
314 2255 348 2302 bis
363 2253 448 2303 amisti
458 2257 577 2320 conjuge,
589 2254 681 2302 mestus
696 2267 754 2301 erat.

182 2331 225 2382 Me
242 2348 339 2400 quoque
350 2332 419 2382 Musa
434 2332 497 2381 levat
510 2333 580 2383 Ponti
591 2333 646 2381 loca
657 2329 717 2397 julia
726 2343 857 2395 petentem.

214 2409 270 2460 Sola
279 2409 450 2460 cometnostrae
461 2411 562 2475 perstitit
571 2409 614 2459 illa
625 2410 696 2474 fuge.
912 2415 942 2445 ²0
994 2402 999 2409 ’

181 2485 236 2537 sola
251 2502 296 2537 nec
305 2486 419 2547 insidiae,
431 2488 518 2537 Threci
530 2505 574 2538 nec
585 2489 671 2536 militie
681 2489 780 2547 ensem,

214 2565 265 2613 Nec
282 2581 360 2625 urere,
373 2580 528 2623 nectentes,
545 2567 724 2631 barbariemque
735 2568 814 2613 timet.

181 2643 336 2707 Scitquoque
347 2677 356 2701 ,
369 2642 424 2692 ctlm
442 2647 500 2707 peril
512 2677 521 2701 ,
535 2647 587 2709 quit
602 2661 641 2692 me
659 2642 779 2708 deceperit
793 2658 873 2692 ertor:

215 2719 245 2768 Et
257 2719 353 2783 culpam
365 2722 391 2768 in
402 2718 482 2780 fallo,
498 2737 548 2770 non
559 2721 652 2780 scelus,
666 2715 712 2769 else
727 2737 793 2770 tneo.

181 2794 390 2861 Sciliterhocipso
401 2812 559 2863 numaeque,
578 2797 645 2864 quod
654 2797 736 2848 obfuit
751 2814 824 2857 ante,
886 2815 891 2825 ·
911 2806 938 2850 25

214 2871 279 2922 cum
291 2889 386 2923 mecum
395 2876 469 2938 juncti
481 2878 587 2924 criminis
597 2877 647 2926 alia
656 2891 695 2924 rea
702 2875 743 2924 est.

181 2951 239 3002 Nun
250 2949 361 3017 equidem
371 2951 476 3012 vellem,
490 2956 605 3018 quoniam
613 2954 723 3004 nocitura
732 2952 842 3012 fuerunt,

214 3026 334 3078 Pie'ridum
344 3029 414 3077 sacris
425 3025 561 3094 imposuiffe
571 3046 678 3079 manum.

122 3120 124 3124 ·
181 3105 227 3157 Sed
241 3121 305 3157 nunc
320 3104 379 3174 quid
393 3105 548 3161 iaciamrvis
558 3125 598 3158 tne
609 3123 673 3159 tenet
680 3110 732 3176 ipsa
742 3109 874 3174 Sororum
