2325 3959
273 418 572 489 Fastorum
593 411 680 487 λιιι.
700 410 765 481 VI.
821 430 857 499 15

165 532 169 539 ⁸
207 541 312 594 Atceati
327 540 338 608 (
349 552 413 589 arcet
423 536 505 605 euim)
518 536 614 601 libaque
625 534 685 584 tosta
695 546 760 599 petat
771 536 780 581 i

172 616 284 680 Bacche,
296 618 448 671 racemiferos
458 615 547 666 hedera
556 612 667 664 redimite
676 610 776 677 capillos
785 644 793 671 ,

208 702 234 749 Si
246 696 333 748 domur
343 697 386 747 illa
401 712 442 746 tua
453 695 485 744 est
495 729 503 754 ,
514 693 590 759 dirige
598 696 666 743 navis
677 694 731 739 iter.

171 778 271 827 'Arserat
283 776 398 840 obsequio
409 773 501 823 Semele
510 773 575 821 lovis
586 789 592 819 ι
608 771 694 834 accipit
704 768 748 819 luo
890 761 936 824 485

209 856 261 916 Te,
272 872 329 920 puer
338 872 347 913 3
357 858 382 903 δι
390 851 484 903 summi
495 848 576 901 sedula
585 851 661 899 nutrit
672 862 726 912 ope.

173 932 385 992 Intumuitluuo,
401 929 468 997 rapti
477 926 546 995 quod
553 926 640 993 pellice
649 940 734 975 uatum

209 1008 448 1074 Educetratsanguis
457 1008 660 1057 illesororiserat.

172 1087 241 1138 Hinc
257 1092 334 1154 agitur
344 1087 412 1137 furiis
422 1088 536 1136 Athamas
547 1119 556 1145 ,
568 1084 709 1147 &imagine
721 1078 795 1131 falsie

207 1166 294 1233 Tuque
306 1164 457 1231 cadispattih
466 1198 475 1225 ,
485 1180 557 1229 parve
565 1162 684 1221 Learche,
693 1175 776 1209 manu.
890 1176 938 1223 490

172 1244 259 1295 Masta
270 1243 397 1294 Learcheas
407 1259 484 1291 mater
495 1240 655 1291 tumulaverat
664 1237 772 1293 umbus,

208 1322 241 1372 Et
258 1320 356 1372 dederat
366 1323 457 1371 miseris
466 1321 550 1369 omnia
559 1317 618 1383 justa
626 1318 699 1381 rogis.
724 1342 726 1347 ·

173 1400 234 1451 Haec
240 1415 336 1466 quoque
348 1434 357 1459 ,
373 1398 477 1449 fuuellos
487 1411 514 1446 ut
524 1412 575 1445 erat
585 1395 673 1445 laniata
682 1392 799 1459 capillos,

209 1476 324 1535 Prosilit3
336 1480 361 1527 δι
371 1478 439 1524 cunis
449 1490 490 1535 te,
502 1473 648 1536 Melicerta,
659 1476 730 1538 rapit.

173 1554 216 1606 Est
227 1556 304 1620 spatio
311 1556 432 1604 coutrada
443 1554 509 1603 brevi
517 1587 528 1609 .
540 1552 602 1603 freta
614 1551 669 1601 bina
678 1549 787 1618 repellit,
890 1563 935 1610 495

209 1632 311 1699 Unaque
323 1631 428 1697 pulsatur
436 1645 497 1681 terra
507 1628 599 1682 duabus
609 1632 685 1696 aquia.

173 1712 228 1764 Huc
236 1714 302 1762 venit
310 1713 398 1763 insania
409 1725 491 1759 uatum
499 1708 625 1775 completa
634 1710 744 1771 lacertis,

207 1790 239 1839 Et
249 1791 327 1840 secum
338 1806 352 1838 a
363 1789 427 1839 celso
434 1790 543 1837 mittitiu
551 1788 600 1839 alta
609 1791 681 1853 jugo·

174 1867 270 1933 Excipit
279 1867 367 1915 illaesos
377 1867 489 1931 Panope,
501 1880 645 1931 centumque
654 1867 765 1923 sororem

206 1946 239 1995 Et
249 1943 345 2010 placido
357 1943 423 2008 lapsu
432 1944 522 2008 persua
531 1959 605 2008 regna
614 1942 701 1993 ferunt.
894 1960 939 2008 500

170 2017 294 2075 ,Nondum
309 2022 444 2070 Leucothea
454 2054 463 2079 ,
475 2018 585 2070 nondum
597 2036 653 2085 puer
663 2019 705 2070 ille
717 2018 856 2081 Balanrot),

208 2100 347 2149 Vorticibua
355 2097 423 2150 deuai
432 2096 538 2147 Tibridis
549 2114 593 2147 ora
604 2111 693 2147 tenent.

176 2177 254 2227 Lucur
264 2190 325 2230 erat:
336 2174 457 2243 (dubium
467 2174 815 2227 Semelaesumulaenevocerur
827 2195 834 2235 3
845 2178 856 2243 )

206 2252 329 2304 Maeuadas
340 2249 684 2303 husoniaaiucoluiffeserunt.
930 2252 932 2255 ’

175 2333 267 2395 Quaerit
274 2331 303 2381 ab
311 2333 349 2380 hir
359 2330 422 2391 Ino,
435 2329 624 2397 quaegensforet
633 2330 750 2381 :Arcadas
763 2328 811 2381 elle
891 2350 935 2400 505

206 2407 280 2461 Audit
292 2442 301 2467 ,
318 2412 343 2458 δι
353 2406 492 2459 Evandrum
498 2410 591 2474 sceptra
599 2423 679 2470 ¹terrere
691 2408 749 2459 loci.

173 2486 330 2537 Dissimulata
339 2486 418 2537 Deam
428 2487 507 2537 Latias
517 2489 627 2537 Saturnia
639 2487 744 2539 Bacchas

208 2564 342 2615 lustimulat
353 2563 412 2614 fietis
423 2563 536 2615 insidiosa
544 2568 628 2625 sonia,

175 2644 198 2693 0
210 2643 217 2692 l
228 2641 332 2699 nimium
348 2641 445 2693 faciles:
456 2644 489 2692 ol
498 2658 551 2695 toto
562 2646 656 2709 pedore
666 2659 757 2710 capta:

207 2720 268 2770 Non
277 2721 343 2770 venit
353 2722 404 2769 haec
414 2720 499 2769 nostrie
508 2723 593 2787 hospes
600 2725 676 2773 amica
687 2726 774 2773 thoris.
892 2740 938 2792 310

176 2796 266 2849 Fraude
274 2800 335 2863 petit
346 2831 356 2857 ,
374 2799 480 2864 sacrique
490 2814 557 2864 parat
565 2800 709 2865 cognoscere
719 2803 804 2853 titum:

209 2875 267 2937 Quo
280 2877 356 2940 possit
364 2890 447 2939 poenaa
454 2874 571 2940 pendere,
582 2880 668 2943 pignus
677 2877 759 2927 habet.

177 2952 224 3003 vix
239 2953 299 3001 bene
310 2949 428 3011 desierat3
437 2953 561 3019 complent
571 2942 701 3005 ululatibus
711 2970 777 3005 auras

129 3047 131 3052 ·
208 3026 334 3092 Thyades,
346 3027 426 3079 effusis
435 3045 477 3096 per
485 3032 525 3080 sua
532 3031 596 3083 colla
605 3035 680 3083 comis
692 3051 700 3093 3
895 3088 898 3095 ¹

176 3110 338 3177 injiciuntque
348 3122 449 3170 manua,
459 3123 608 3176 puerumque
617 3110 730 3163 revellere
740 3126 856 3177 puguant.
894 3127 935 3178 515

732 3188 754 3238 G
778 3205 793 3239 v
