2325 3959
319 354 384 418 288
459 348 503 415 P.
525 350 682 417 Ournrr
702 347 897 417 NA'sonrs

347 470 398 519 Nec
414 473 481 520 venit
496 468 527 520 ad
540 468 613 519 duros
625 470 695 519 Musa
708 485 793 520 vocata
804 472 888 520 Getas.

312 546 347 595 Ut
366 561 446 597 tamen
459 550 508 612 ipse
521 545 588 597 videa
599 567 609 606 ,·
620 548 696 597 lucior
707 545 823 597 deducere
833 550 946 598 versum.

346 624 392 675 Sed
401 642 452 675 uon
465 625 494 678 fit
503 626 554 677 fato
563 625 663 675 mollior
678 625 720 674 ille
734 642 799 675 meo.
936 680 943 688 s

266 724 293 773 ¹5
312 701 378 753 Cum
388 704 489 769 relego,
506 700 621 768 scripsisse
632 702 720 768 pudet:
729 706 784 769 quia
795 702 900 768 plurima
912 720 1011 762 cerno,

280 798 287 842 ζ
344 781 386 829 Me
404 798 517 847 quoque,
536 784 578 845 qui
590 781 653 839 feci,
671 778 767 845 judice,
780 778 852 844 digna
863 780 919 829 lini.
955 840 959 847 Ι

311 858 363 908 Nec
372 874 453 908 tamen
463 857 578 907 emendo:
587 858 654 906 labor
663 860 716 917 hic,
726 858 800 923 quim
808 859 928 917 scribere,
938 866 1032 926 major,

302 938 306 942 ’
342 923 459 1002 Meosque
467 939 518 1001 pati
526 934 613 985 durum
627 935 722 985 sustinet
733 951 794 999 agra
804 935 873 984 nihil.

309 1014 405 1063 Scilicet
415 1016 527 1077 incipiam
545 1012 604 1061 limi
615 1010 750 1061 mordacius
764 1015 799 1061 uti
809 1015 817 1061 i

261 1115 292 1147 20
339 1092 371 1140 Et
383 1093 426 1140 sub
434 1089 551 1155 judicium
562 1090 655 1155 singula
666 1091 738 1139 verba
747 1092 850 1139 vocem?

308 1170 416 1234 Torquet
433 1171 498 1218 enim
509 1170 613 1217 Fortuna
625 1184 722 1233 parum,
740 1170 786 1217 nisi
797 1167 866 1216 Nilus
876 1170 904 1218 in
915 1170 1029 1221 Hebrum

339 1245 475 1306 Confluat,
492 1250 517 1295 dc
537 1244 634 1295 frondes
649 1246 748 1311 Alpibus
759 1243 832 1295 addat
844 1246 933 1295 Athos.

305 1322 454 1373 Parcendum
465 1324 498 1372 eli
507 1326 588 1372 animo
599 1320 825 1373 miserabilevulnus
834 1325 935 1373 habenti
955 1362 964 1386 ‚

337 1399 474 1451 Subducant
484 1404 551 1450 oneri
564 1400 628 1450 colla
639 1401 729 1465 perusta
739 1401 819 1451 boves.

258 1497 286 1545 ²5
305 1477 354 1538 At,
372 1493 447 1542 puto,
462 1477 550 1526 stulius
559 1476 639 1536 adest,
650 1478 775 1542 justissima
784 1474 853 1527 causa
866 1477 987 1531 laborum
998 1504 1003 1532 :

336 1554 368 1603 Et
383 1556 432 1603 sata
449 1570 504 1603 curn
517 1555 597 1603 multo
609 1554 691 1603 fenore
702 1553 781 1604 reddit
791 1571 856 1619 ager.

305 1630 410 1696 Tempus
427 1629 531 1692 adhoc,
545 1633 629 1687 nobis,
641 1648 731 1696 repetas
743 1632 800 1682 licet
809 1636 911 1693 omnia,
925 1636 1023 1686 nullum

335 1707 445 1767 Profuit,
462 1708 471 1771 (
483 1701 555 1774 atque
564 1712 658 1758 utinam
668 1708 878 1776 non'nocuiffetl)
899 1729 977 1777 opus.

302 1780 354 1833 Cur
363 1785 436 1847 igitur
448 1784 548 1831 scribam
560 1787 568 1833 Ξ
581 1787 686 1833 miraris:
695 1788 770 1833 miror
781 1788 805 1833 δι
816 1787 880 1849 ipset

228 1918 231 1921 ⁴
255 1876 285 1921 30
332 1860 363 1909 Et
380 1877 475 1910 mecum
486 1878 567 1927 quatro
578 1864 652 1926 sape,
670 1860 795 1927 quidinde
809 1862 896 1913 feram.

300 1934 338 1985 An
347 1937 450 2001 populus
459 1936 513 1985 veri
523 1939 592 1985 sanos
602 1951 672 2001 negat
685 1934 731 1985 effe
744 1941 825 2001 po'e‘tas
835 1940 844 1985 i

331 2018 436 2081 Sumque
446 2013 504 2064 fides
518 2017 587 2080 hujus
598 2017 702 2063 maxima
711 2017 776 2063 vocis
787 2030 832 2079 ego
841 2018 850 2063 i

299 2092 347 2152 Qui
357 2127 365 2152 ,
379 2092 450 2141 sterili
462 2096 533 2142 toties
543 2092 597 2142 culm
606 2095 651 2141 sim
662 2090 774 2156 deceptus
784 2092 813 2141 ab
823 2108 900 2153 arvo,

330 2171 454 2221 Damnosi
466 2168 663 2237 persto-condere
677 2172 757 2218 senten
772 2172 855 2218 humo.
1070 2152 1071 2237 l

251 2270 278 2316 35
298 2247 395 2297 Scilicet
404 2249 437 2297 est
450 2247 549 2312 cupidus
559 2246 691 2297 studiorum
703 2251 801 2315 quisque
812 2249 909 2298 suorum
919 2284 929 2309 ‚

328 2327 434 2391 Tempus
449 2330 473 2375 δι
486 2324 574 2375 anneta
584 2343 671 2391 ponere
678 2329 703 2375 in
711 2341 760 2375 arte
770 2329 845 2391 juvar.
1070 2350 1071 2367 r

296 2406 391 2454 Saucius
401 2409 477 2470 eiurat
488 2420 592 2469 pugnam
602 2403 734 2469 gladiator,
752 2403 869 2458 itidem,
987 2394 991 2403 ’
1070 2416 1071 2473 q

327 2482 459 2531 immemor
474 2485 566 2546 antiqui
577 2482 699 2543 vulneris,
714 2499 779 2531 arma
789 2485 861 2547 capit.

293 2559 337 2609 Nil
349 2560 393 2609 sibi
404 2575 459 2608 cum
468 2559 546 2624 pelagi
556 2557 616 2609 dicit
627 2560 677 2609 fote
688 2559 815 2625 naufragus
827 2558 913 2617 undis;

244 2647 278 2691 40
326 2638 386 2687 Mox
398 2636 465 2687 ducit
475 2654 571 2697 remor,
589 2637 637 2703 qui
651 2636 726 2687 modo
736 2641 817 2697 navit,
836 2637 906 2703 aqui.
1070 2666 1071 2695 t

292 2716 331 2765 Sic
337 2732 382 2781 ego
394 2716 526 2782 constanter
536 2712 639 2765 studium
651 2732 700 2765 non
711 2716 769 2763 utile
780 2732 850 2781 carpo
862 2733 870 2774 i

288 2787 291 2791 ⁵
323 2792 355 2841 Et
366 2807 447 2857 repeto
458 2826 467 2850 ‚
480 2791 572 2840 nollem
586 2806 644 2856 quas
657 2788 769 2851 coluille,
785 2791 857 2841 Deas.

291 2867 359 2931 Quid
372 2872 451 2933 potius
466 2868 567 2917 faciam!
578 2886 629 2919 non
641 2871 711 2928 sum,
728 2872 769 2935 qui
781 2871 860 2934 segnia
872 2866 960 2921 ducam

322 2946 380 2996 Oria
392 2965 398 2995 :
411 2946 562 2995 morsmobis
574 2961 666 3011 tempus
678 2948 776 2995 habetur
788 2948 859 2995 iners.

242 3028 271 3075 45
291 3023 342 3076 Nec
353 3028 424 3091 ,juvat
433 3026 459 3073 in
469 3020 549 3072 lucem
559 3026 636 3073 nimio
646 3026 788 3075 marcescere
799 3027 871 3077 virm:
