2325 3959
275 437 415 506 arist.
438 430 675 501 nx‘PonTo
703 426 741 494 L.
776 424 808 492 Ι.
843 442 910 509 299

230 561 308 609 Stabit
320 564 344 608 ὃ(
355 563 380 607 in
391 558 514 607 stomacho
524 550 617 619 pondus
629 552 702 598 inerte
715 546 764 595 diu.

195 631 256 686 Haec
267 654 312 702 ego
322 654 371 686 non
382 639 476 694 ausim,
492 633 547 683 etim
563 634 610 678 sint
625 630 759 685 verissima,
774 626 848 673 cuivis
931 634 957 681 15

231 715 355 771 Scribere3
368 712 465 763 delicias
482 728 512 759 ne
529 709 593 758 mala
609 707 688 755 nostra
705 718 800 753 vocent.

194 791 296 839 Scilicet
305 793 325 839 ir
336 792 407 839 status
416 790 449 838 est
461 824 468 847 ,
486 806 514 838 ea
530 801 609 835 rerum
626 782 704 833 forma
719 796 842 839 mearum,

230 867 413 918 Deliciis-etiam
424 868 498 931 possit
508 880 535 913 ut
545 862 591 911 effe
603 862 687 909 locus?

194 944 302 995 Delicias
312 947 349 996 illi
359 962 442 1011 precor
452 948 493 993 has
505 944 643 1005 contingere
654 972 662 998 ,
673 940 691 985 si
703 938 774 1001 quis,

231 1012 269 1072 Ne
280 1026 340 1072 milri
351 1027 381 1072 sit
391 1024 466 1072 levior
477 1019 576 1071 Caesaris
587 1022 636 1079 ira,
648 1019 727 1066 timet.
930 1022 960 1053 20

196 1100 220 1149 Is
231 1098 344 1167 quoque,
356 1105 398 1166 qui
406 1100 490 1166 gracili
501 1100 567 1147 cibus
578 1098 646 1146 estin
661 1108 779 1159 corpore,
796 1090 892 1138 somnus
903 1122 909 1141 ‚

230 1179 288 1227 Non
298 1179 342 1228 alit
351 1177 432 1227 officio
444 1193 529 1242 eorpus
540 1181 609 1225 inane
620 1176 672 1223 suo.

195 1256 244 1307 Sed
254 1258 346 1321 vigilo,
356 1256 504 1322 vigilantque
514 1257 563 1303 mei
573 1257 623 1303 sine
634 1251 680 1301 fine
690 1248 802 1307 dolores,

230 1334 341 1394 Quorum
356 1336 481 1383 materiam
496 1330 538 1381 <lat
551 1332 618 1381 locus
634 1330 681 1393 ipse
696 1328 766 1375 mihi.

195 1411 245 1461 Vix
254 1414 327 1476 igitur
337 1414 411 1477 possis
419 1411 481 1461 uisos
491 1410 618 1473 agnoscere
628 1407 722 1455 vultus:
930 1418 957 1463 ις

231 1488 334 1555 Quoque
343 1491 414 1548 ierit,
428 1503 536 1553 querat,
548 1490 592 1552 qui
602 1486 727 1541 sulcante,
740 1480 816 1531 color.

196 1565 285 1615 Parvus
299 1569 325 1615 in
340 1566 411 1615 exiles
426 1567 508 1614 succus
520 1566 582 1613 mihi
594 1564 701 1627 pervenit
711 1575 789 1619 artus,

229 1644 388 1709 Membraque
403 1646 458 1693 sunt
474 1642 528 1693 ceri
543 1639 671 1707 pallidiora
686 1638 759 1687 novi.

157 1785 160 1791 Ι
196 1720 255 1770 Non
269 1725 319 1771 haec
332 1720 466 1771 immodico
480 1723 589 1770 contraxi
601 1717 689 1769 damna
702 1718 793 1779 Lyaeo:
947 1772 954 1783 1

228 1802 277 1848 Scis
294 1803 354 1849 mihi
371 1800 444 1866 qualm
461 1800 519 1849 solat
535 1816 601 1864 pene
617 1800 728 1847 bibantur
744 1791 825 1860 aqua:
866 1816 869 1821 ¹
929 1812 947 1847 5-

195 1876 253 1926 Non
264 1880 338 1943 epulis
349 1897 436 1929 oneror
447 1911 455 1937 ,
467 1896 568 1945 quarum
580 1881 600 1927 si
610 1892 692 1941 tangar
703 1892 796 1927 amore,

229 1956 269 2004 Est
289 1971 369 2005 tamen
386 1961 413 2005 in
429 1958 521 2007 Geticis
534 1960 604 2021 copia
620 1954 686 2003 nulla
698 1953 765 2003 locis.

195 2031 248 2082 Nec
263 2036 325 2083 vites
339 2032 424 2083 adimit
439 2035 537 2083 Venetis
552 2032 668 2083 damnosa
682 2031 792 2096 voluptas
809 2050 814 2077 ι

229 2108 287 2159 Non
297 2111 358 2160 solet
368 2100 494 2161 inmaellos
505 2111 548 2161 illa
557 2114 639 2164 venire
650 2125 724 2161 toros.
743 2132 744 2140 ¹
914 2123 934 2159 κ

196 2186 269 2237 Unda
279 2188 393 2255 locusque
402 2205 492 2239 nocent
503 2207 510 2239 t
522 2193 547 2239 δε
558 2191 627 2238 cansa
637 2188 755 2237 valentior
765 2188 828 2246 istis,
899 2204 902 2211 ·
931 2210 955 2243 a,-

228 2267 338 2315 Anxietas
351 2270 443 2327 animi,
456 2284 510 2333 quae
520 2270 581 2317 mihi
593 2269 684 2332 semper
695 2265 769 2317 adest.

196 2341 263 2391 Hanc
278 2347 323 2391 nisi
340 2359 366 2392 tu
377 2347 464 2408 pariter
473 2345 546 2394 simili
556 2361 612 2394 cum
623 2345 695 2395 fratre
705 2345 809 2402 levares,

158 2446 163 2454 ·
227 2420 274 2468 Vix
289 2439 356 2471 mens
371 2423 469 2472 tristitie
480 2424 559 2473 maesta
575 2421 667 2474 tulisset
678 2441 748 2475 onus.

196 2497 245 2547 Vos
256 2498 307 2547 estis
319 2500 398 2564 fragili
410 2501 480 2550 tellus
488 2518 540 2551 non
550 2500 609 2552 duta
619 2504 716 2567 phaselo
727 2522 735 2552 a

226 2574 355 2642 Quamque
364 2592 452 2642 negant
462 2579 551 2640 multi,
562 2597 606 2630 vos
616 2583 677 2629 mihi
689 2582 770 2641 fertis,
782 2598 863 2646 ostiti.
926 2591 957 2630 ψ

197 2652 277 2712 Ferte,
287 2654 386 2717 pr'ecor,
399 2656 490 2719 semper
496 2690 505 2715 ,
515 2660 571 2721 quia
578 2659 671 2723 semper
681 2660 802 2724 egebimus
812 2659 868 2721 iilaj

227 2728 326 2779 Calatis
342 2728 460 2780 offensum
477 2730 536 2781 dum
552 2736 613 2783 mihi
628 2750 717 2785 numen
731 2740 785 2785 etit.
840 2760 846 2775 a

196 2804 243 2865 Qui
253 2808 363 2855 meritam
373 2809 442 2856 nobis
453 2812 562 2872 minuat,
575 2828 625 2861 non
639 2812 719 2873 liniat,
733 2818 810 2875 iram,
888 2833 889 2837 ¹

221 2882 363 2949 Suppliciter
372 2885 461 2936 vestros
472 2892 572 2957 quiaque
581 2906 664 2957 togate
669 2886 750 2941 Deos.

729 3202 797 3267 ij
