2325 3959
325 436 340 499 3
350 433 392 498 30
467 410 510 477 P.
541 410 696 478 Ovrnn
715 409 943 477 NASONIS.

354 531 418 578 Tura
428 528 463 578 fer
470 527 502 579 ad
511 546 611 594 magnos
621 532 722 595 vinaque
734 546 791 594 puta
799 530 886 579 Deos.

321 606 341 654 E
351 610 436 671 quibus
447 622 501 656 ante
509 623 593 656 omnes
607 607 735 672 Augustum
746 624 840 656 numen
852 606 949 659 adora
957 640 972 668 ‚

352 686 540 749 Progeniemque
551 687 630 748 piam,
643 686 831 749 participemque
845 688 919 733 tori.

273 769 315 823 165
324 763 371 811 iint
381 766 472 811 utinam
481 766 549 810 mites
559 762 631 811 solito
641 764 685 811 ribi
697 762 778 813 morel
791 776 906 827 tuasque

354 840 412 890 Non
422 838 486 889 duris
496 840 612 902 iacrymas
623 838 730 890 vultibus
740 840 870 904 aspiciant.

319 990 1047 1049 «εε--πΞἏΩΕ-εε-Δειῆ

454 1108 905 1205 ΕΡιεΤοιΑη.

502 1253 799 1348 ¹coTTAE.

397 1461 458 1497 unu
469 1444 529 1511 legit
537 1447 627 1495 anobis
637 1445 731 1495 mirsam
741 1448 786 1496 tibi
794 1481 802 1501 ,
811 1446 895 1498 Cotta
905 1484 915 1510 ,
928 1450 1040 1511 salutem,

352 1523 424 1573 Musa
433 1529 464 1573 sit
473 1539 500 1573 ut
507 1523 575 1581 vere,
590 1526 774 1589 perveniatque,
786 1542 883 1589 precor.

319 1601 430 1668 Namque
441 1606 499 1651 meis
509 1604 585 1666 sospes
597 1602 702 1650 muitum
717 1604 862 1650 cruciatibus
875 1604 985 1666 aufers5

354 1679 433 1744 thue
450 1683 481 1728 eit
491 1698 503 1727 e
514 1682 584 1728 nobis
593 1696 646 1743 pars
657 1681 719 1729 bona
730 1680 809 1739 salva,
822 1680 896 1729 facis.

291 1754 301 1796 5
321 1756 433 1821 cumque
443 1756 524 1805 labent
532 1759 588 1815 aiii,
602 1759 732 1822 januaque
744 1757 796 1805 vela
807 1757 981 1824 relinquant,

353 1834 391 1883 Tu
402 1833 484 1881 lacerae
496 1850 602 1882 remanet
614 1850 703 1883 ancora
718 1834 768 1883 sola
779 1838 833 1883 tati.

320 1912 394 1963 Grata
405 1912 564 1977 tuaestigitur
572 1914 646 1975 pietas
658 1930 664 1959 z
676 1914 821 1977 ignoscimus
832 1912 903 1973 iliis,

354 1989 403 2049 Qui
419 2006 474 2037 cunt
488 1988 592 2039 Fortunei
604 2004 670 2053 terga
681 1986 766 2037 dedere
778 1988 848 2053 fuge.

320 2066 385 2116 cum
407 2067 492 2114 feriant
504 2082 577 2115 unum
588 2100 595 2124 ,
607 2082 657 2114 non
672 2082 746 2114 unum
759 2066 863 2115 fulmina
877 2082 993 2120 terrent:

275 2145 303 2174 ¹0
352 2144 480 2209 Junuaque
496 2140 604 2208 peteuffo
620 2145 688 2191 turba
699 2160 783 2208 pavere
797 2145 868 2193 solet.

320 2222 432 2287 Ctimque
442 2222 509 2272 dedit
520 2228 595 2288 paries
605 2240 710 2273 venturae
720 2228 786 2289 sigua
798 2228 892 2287 ruinae,

351 2302 452 2351 Soiicito
462 2318 549 2352 vacuus
558 2300 587 2350 fit
597 2301 663 2351 iocus
673 2302 715 2351 ille
726 2317 800 2351 metu.

321 2379 380 2438 Quis
389 2396 438 2427 non
449 2397 461 2427 e
472 2378 562 2427 timidis
572 2383 629 2444 aegri
641 2383 752 2446 contagia
764 2383 839 2439 vitat,

351 2458 465 2505 Vicinum
476 2471 584 2505 metuens
600 2474 630 2506 ne
643 2461 720 2507 trahat
731 2457 785 2507 inde
802 2458 894 2508 malum
907 2463 918 2509 i

273 2530 300 2578 15
320 2534 362 2583 Me
371 2550 467 2599 quoque
477 2537 610 2583 amicorum
618 2539 695 2585 nimio
707 2551 795 2585 terrore
805 2550 919 2604 metuque
928 2574 940 2601 ‚

351 2610 410 2661 Non
417 2607 491 2672 odio,
503 2612 602 2677 quidam
613 2612 736 2664 destituite
746 2619 802 2664 mei.

319 2690 377 2741 Non
390 2690 439 2739 illis
449 2694 540 2755 pietas,
552 2708 602 2741 non
612 2690 720 2743 officiosa
728 2694 841 2743 voluntat

350 2768 435 2818 Defuit
446 2771 553 2819 :aversos
564 2772 693 2819 extimuere
704 2770 780 2819 Deos.

318 2846 400 2913 thue
411 2852 487 2913 magis
498 2851 562 2897 cauti
573 2845 669 2912 poisuut
679 2846 806 2915 timidique
816 2845 892 2899 videri
903 2860 916 2912 ,’

271 2932 302 2964 ²0
350 2926 388 2975 Sic
401 2917 764 2989 appeliatinonmerueremali.

316 3004 350 3055 At
364 3019 430 3052 meus
441 3006 534 3054 excusat
545 3022 611 3055 caros
619 3008 652 3055 ita
662 3002 752 3055 candet
762 3006 869 3061 amicot;

349 3080 430 3149 thue
439 3082 542 3132 habeam
559 3080 590 3133 de
600 3098 640 3134 me
649 3082 755 3133 erimine
768 3080 854 3145 nuile,
870 3080 943 3135 fatet.
