2325 3959
281 368 578 438 FAurouurt
603 368 685 437 Lm.
711 368 775 437 VI.
833 390 898 453 147

216 486 268 535 Star
277 488 363 552 globus
374 522 383 548 ‚
394 491 507 539 immensi
521 503 593 553 parva
603 486 677 553 figura
688 488 748 553 poll.

184 562 216 613 Et
229 582 346 630 quantum
365 582 379 615 a
391 568 491 617 summit
502 598 511 626 ,
524 580 618 615 tantum
630 567 723 615 secessit
733 568 762 615 al>
773 568 828 615 imit

217 645 307 697 Terrae
316 643 383 710 quod
393 659 420 709 ut
437 643 494 703 fiat,
506 644 586 693 forma
596 642 700 693 rotunda
711 643 778 703 fucit.
902 640 949 687 ²80

185 720 229 770 Par
241 721 317 780 facies¹
325 721 424 787 templi:
436 721 517 771 nullus
526 724 646 787 procurrit
655 724 681 770 in
690 720 734 770 illo

219 798 326 863 Angulus
339 818 345 847 τ
357 816 371 848 a
381 799 465 865 pluvio
476 799 584 853 vindicet
594 801 672 848 imbre
683 798 772 847 tholus.

186 875 239 928 Cur
257 880 288 925 tit
298 880 427 942 uirgineis,
438 882 543 943 quierit,
554 878 608 927 Dea
619 877 684 927 culta
695 877 807 927 ministris
819 881 827 925 3

218 953 342 1004 Inveniam
352 958 432 1005 causas
441 959 486 1005 hat
494 973 591 1023 quoque
601 971 668 1021 parte
679 957 739 1007 suas.

185 1031 221 1081 Ex
236 1033 289 1097 Ope
300 1034 419 1098 lunonem
431 1050 568 1085 memorant
577 1035 741 1101 Cereremque
749 1050 838 1089 crearat
907 1035 948 1093 285

217 1112 313 1160 semine
323 1114 433 1162 Saturni:
447 1117 517 1163 tertia
524 1114 597 1165 Vesta
610 1113 667 1163 fuit.

184 1186 293 1254 Utraque
302 1189 448 1255 nupseruut3
462 1193 538 1241 ambae
551 1188 665 1257 peperiile
676 1190 799 1242 feruntur:

217 1264 341 1318 Detribus
351 1270 479 1333 impatiens
490 1269 575 1318 restitit
585 1282 633 1317 una
643 1270 699 1317 viri.

88 1406 92 1411 ,
186 1342 254 1403 Quid
263 1347 352 1392 mirum
363 1379 372 1405 ‚
383 1349 452 1409 virgo
460 1348 480 1393 si
491 1347 583 1409 virgine
595 1345 650 1393 laeta
663 1344 771 1394 ministri

220 1418 336 1470 Admittit
347 1423 420 1473 c'astas
430 1427 456 1472 in
463 1425 504 1472 sua
514 1426 579 1473 sacra
591 1440 675 1473 manus
686 1426 695 1473 ἓ
910 1429 957 1471 ²90

161 1508 164 1515 '
187 1497 239 1549 Nec
250 1513 276 1549 tu
286 1497 353 1549 aliud
360 1501 471 1561 Vestam,
485 1500 560 1567 quim
568 1505 648 1552 vivam
656 1501 764 1567 intellige
772 1502 905 1553 flammam.

220 1575 367 1642 Nataquede
375 1577 473 1627 flamma
484 1591 586 1643 corpora
598 1578 666 1627 nulla
679 1576 755 1629 vides.
932 1643 935 1648 ¹

187 1650 243 1701 lure
256 1654 329 1715 igitur
338 1654 408 1715 uirgo
419 1652 465 1706 est,
478 1666 530 1717 quae
541 1653 632 1700 semina
641 1651 707 1700 nulla
716 1654 819 1701 remittit
830 1687 839 1708 ,

219 1728 271 1777 Nec
281 1731 345 1793 capit
353 1746 359 1775 :
368 1732 393 1777 δι
405 1732 506 1777 comites
515 1732 658 1793 virginitatis
670 1731 750 1780 lrabet.
786 1796 788 1799 Ι

187 1804 241 1855 Effe
251 1805 293 1855 diu
298 1807 385 1856 'stultus
396 1807 472 1856 Vestae
482 1807 609 1857 simulacra
617 1810 698 1873 putavi
712 1827 717 1855 :
907 1832 951 1877 ²95

221 1884 282 1932 Mox
295 1881 370 1933 didici
378 1900 452 1935 curuo
462 1885 530 1935 nulla
537 1882 627 1934 tubelle
639 1886 718 1934 tholo.

188 1962 253 2026 ignis
263 1962 411 2011 inexstittstus
426 1964 518 2029 templo
531 1963 622 2013 celatur
631 1966 657 2012 in
665 1963 720 2013 illo.

222 2038 333 2103 Effigiem
343 2040 437 2091 nullam
447 2042 517 2090 Vesta
528 2076 536 2101 ‚
548 2039 593 2090 uec
604 2042 681 2105 ignis,
691 2040 788 2092 habent.

190 2120 242 2168 Stat
252 2121 276 2167 vi
290 2133 352 2167 terra
363 2118 419 2167 suri:
431 2122 456 2168 vi
467 2117 551 2169 stando
562 2119 633 2168 Vesta
641 2132 750 2169 vocatur.
780 2165 783 2171 .

224 2195 349 2262 Causaque
359 2213 401 2261 par
418 2198 485 2262 Graji
499 2199 605 2247 nominis
616 2192 662 2245 elle
674 2196 759 2261 potest.
909 2216 955 2263 300

75 2307 79 2314 ·
179 2278 223 2330 iit
241 2275 309 2325 focus
322 2292 337 2324 a
353 2274 474 2335 flammis,
489 2279 514 2324 δι
528 2274 595 2341 quud
608 2274 674 2324 fovet
684 2277 783 2334 omnia,
796 2272 871 2325 ditius
883 2294 890 2324 ι
903 2286 906 2291 ’

223 2354 274 2415 Qui
282 2356 394 2404 tamenin
406 2356 490 2419 primis
501 2352 591 2402 adibus
600 2368 655 2401 ante
664 2352 718 2401 fuit.

189 2432 252 2487 Hinc
263 2448 360 2499 quoque
369 2432 512 2482 vestibulum
523 2430 572 2481 dici
583 2448 636 2481 reor
646 2448 652 2479 r
664 2428 719 2480 inde
730 2430 849 2495 precando

222 2508 332 2559 Affamur
342 2508 439 2559 Vestam
451 2544 459 2569 ‚
475 2526 528 2575 quae
539 2509 593 2559 loca
606 2512 682 2573 prima
694 2524 767 2559 tenes.

189 2588 252 2637 Ante
260 2587 329 2637 focos
339 2586 399 2634 olim
412 2587 491 2651 longis
502 2584 626 2636 considete
636 2588 738 2635 scamnis
911 2604 953 2649 305

141 2669 146 2679 ’
222 2665 280 2712 Mos
295 2678 365 2721 erat3
385 2666 411 2711 &
424 2660 792 2730 mensaecrtdereudeffeDeos.
848 2654 857 2671 ¹

190 2740 264 2791 Nunc
282 2755 396 2805 quoque,
411 2740 467 2789 etim
478 2740 540 2791 fiunt
548 2744 653 2807 antiquat
663 2743 727 2791 saera
737 2743 857 2807 Vacuuae,
940 2743 942 2752 '

223 2817 286 2867 Ante
297 2816 431 2867 Vacunales
443 2818 550 2885 stantque
561 2817 692 2885 sedentque
703 2818 779 2870 focos.

192 2898 267 2946 Venit
274 2898 300 2943 in
310 2897 354 2943 hos
362 2911 436 2945 anuos
446 2896 537 2962 aliquid
549 2896 579 2946 de
593 2913 660 2947 more
670 2897 762 2947 vetusto
771 2916 778 2945 ι

226 2975 281 3023 fert
290 2971 372 3025 mitius
381 2976 457 3026 Vestae
466 2993 525 3042 pura
535 2976 622 3042 patella
637 2978 713 3027 cibos.

192 3049 254 3102 Ecce
265 3054 404 3114 ‚coronatis
413 3056 480 3120 pauit
490 3052 697 3121 dependetalellis
709 3072 717 3114 3

701 3132 788 3200 xcu
