<?xml version="1.0" encoding="UTF-8"?>
<!DOCTYPE html PUBLIC "-//W3C//DTD XHTML 1.0 Transitional//EN"
    "http://www.w3.org/TR/xhtml1/DTD/xhtml1-transitional.dtd">
<html xmlns="http://www.w3.org/1999/xhtml" xml:lang="en" lang="en">
 <head>
  <title>
</title>
<meta http-equiv="Content-Type" content="text/html;charset=utf-8" />
  <meta name='ocr-system' content='tesseract 3.04.00' />
  <meta name='ocr-capabilities' content='ocr_page ocr_carea ocr_par ocr_line ocrx_word'/>
</head>
<body>
  <div class='ocr_page' id='page_1' title='image "./povidiinasoniso02ovidgoog_0133.png"; bbox 0 0 2325 3959; ppageno 0'>
   <div class='ocr_carea' id='block_1_1' title="bbox 320 436 1029 534">
    <p class='ocr_par' dir='ltr' id='par_1_1' title="bbox 320 436 1029 534">
     <span class='ocr_line' id='line_1_1' title="bbox 320 436 1029 534; baseline -0.007 -18"><span class='ocrx_word' id='word_1_1' title='bbox 320 437 728 533; x_wconf 73' lang='lat' dir='ltr'>FAsronunLis.</span> <span class='ocrx_word' id='word_1_2' title='bbox 760 436 805 516; x_wconf 86' lang='lat' dir='ltr'>V.</span> <span class='ocrx_word' id='word_1_3' title='bbox 860 460 922 534; x_wconf 80' lang='lat'>¹31</span> <span class='ocrx_word' id='word_1_4' title='bbox 1027 447 1029 451; x_wconf 80' lang='grc'><strong>’</strong></span> 
     </span>
    </p>
   </div>
   <div class='ocr_carea' id='block_1_2' title="bbox 216 567 983 1107">
    <p class='ocr_par' dir='ltr' id='par_1_2' title="bbox 216 567 983 1107">
     <span class='ocr_line' id='line_1_2' title="bbox 251 567 759 636; baseline 0.006 -18"><span class='ocrx_word' id='word_1_5' title='bbox 251 567 287 619; x_wconf 89' lang='lat' dir='ltr'>Ut</span> <span class='ocrx_word' id='word_1_6' title='bbox 297 569 415 620; x_wconf 77' lang='lat' dir='ltr'>celebrem</span> <span class='ocrx_word' id='word_1_7' title='bbox 426 568 486 620; x_wconf 86' lang='lat' dir='ltr'>festo</span> <span class='ocrx_word' id='word_1_8' title='bbox 496 573 572 636; x_wconf 83' lang='lat' dir='ltr'>signet</span> <span class='ocrx_word' id='word_1_9' title='bbox 583 572 674 619; x_wconf 85' lang='lat' dir='ltr'>honore</span> <span class='ocrx_word' id='word_1_10' title='bbox 685 568 759 621; x_wconf 81' lang='lat' dir='ltr'>diem&#39;.</span> 
     </span>
     <span class='ocr_line' id='line_1_3' title="bbox 218 639 980 714; baseline 0.007 -19"><span class='ocrx_word' id='word_1_11' title='bbox 218 639 377 697; x_wconf 85' lang='lat' dir='ltr'>Mandantem</span> <span class='ocrx_word' id='word_1_12' title='bbox 390 647 500 714; x_wconf 77' lang='lat' dir='ltr'>ampleffl</span> <span class='ocrx_word' id='word_1_13' title='bbox 512 651 625 713; x_wconf 88' lang='lat' dir='ltr'>cupiunt,</span> <span class='ocrx_word' id='word_1_14' title='bbox 643 654 667 699; x_wconf 73' lang='grc' dir='ltr'>δι</span> <span class='ocrx_word' id='word_1_15' title='bbox 680 650 779 701; x_wconf 89' lang='lat' dir='ltr'>brachia</span> <span class='ocrx_word' id='word_1_16' title='bbox 789 648 900 700; x_wconf 87' lang='lat' dir='ltr'>tendunt.</span> <span class='ocrx_word' id='word_1_17' title='bbox 934 657 980 705; x_wconf 82' lang='lat' dir='ltr'>47t</span> 
     </span>
     <span class='ocr_line' id='line_1_4' title="bbox 252 724 804 792; baseline 0.005 -18"><span class='ocrx_word' id='word_1_18' title='bbox 252 724 355 775; x_wconf 77' lang='lat' dir='ltr'>Lubrica</span> <span class='ocrx_word' id='word_1_19' title='bbox 367 728 503 791; x_wconf 78' lang='lat' dir='ltr'>prensantes</span> <span class='ocrx_word' id='word_1_20' title='bbox 517 725 603 792; x_wconf 82' lang='lat' dir='ltr'>effugit</span> <span class='ocrx_word' id='word_1_21' title='bbox 616 728 700 776; x_wconf 86' lang='lat' dir='ltr'>umbra</span> <span class='ocrx_word' id='word_1_22' title='bbox 712 744 804 778; x_wconf 85' lang='lat' dir='ltr'>manus.</span> 
     </span>
     <span class='ocr_line' id='line_1_5' title="bbox 218 801 789 869; baseline 0.005 -18"><span class='ocrx_word' id='word_1_23' title='bbox 218 802 256 852; x_wconf 89' lang='lat' dir='ltr'>Ut</span> <span class='ocrx_word' id='word_1_24' title='bbox 272 804 352 852; x_wconf 86' lang='lat' dir='ltr'>secum</span> <span class='ocrx_word' id='word_1_25' title='bbox 364 804 457 869; x_wconf 85' lang='lat' dir='ltr'>fugiens</span> <span class='ocrx_word' id='word_1_26' title='bbox 467 806 564 853; x_wconf 85' lang='lat' dir='ltr'><strong>somnos</strong></span> <span class='ocrx_word' id='word_1_27' title='bbox 577 801 676 854; x_wconf 82' lang='lat' dir='ltr'>abduxit</span> <span class='ocrx_word' id='word_1_28' title='bbox 691 808 789 869; x_wconf 78' lang='lat' dir='ltr'>imago,</span> 
     </span>
     <span class='ocr_line' id='line_1_6' title="bbox 251 880 769 949; baseline 0 -17"><span class='ocrx_word' id='word_1_29' title='bbox 251 880 290 933; x_wconf 74' lang='lat' dir='ltr'>Ad</span> <span class='ocrx_word' id='word_1_30' title='bbox 304 889 384 949; x_wconf 77' lang='lat' dir='ltr'>reger&#39;n</span> <span class='ocrx_word' id='word_1_31' title='bbox 395 900 467 934; x_wconf 87' lang='lat' dir='ltr'>voces</span> <span class='ocrx_word' id='word_1_32' title='bbox 482 883 561 933; x_wconf 86' lang='lat' dir='ltr'>fratris</span> <span class='ocrx_word' id='word_1_33' title='bbox 571 899 670 949; x_wconf 89' lang='lat' dir='ltr'>uterque</span> <span class='ocrx_word' id='word_1_34' title='bbox 681 883 769 933; x_wconf 88' lang='lat' dir='ltr'>ferunt.</span> 
     </span>
     <span class='ocr_line' id='line_1_7' title="bbox 216 960 838 1028; baseline 0.006 -20"><span class='ocrx_word' id='word_1_35' title='bbox 216 961 336 1011; x_wconf 82' lang='lat' dir='ltr'><strong>Romulus</strong></span> <span class='ocrx_word' id='word_1_36' title='bbox 344 963 498 1028; x_wconf 85' lang='lat' dir='ltr'>obsequitur,</span> <span class='ocrx_word' id='word_1_37' title='bbox 515 961 641 1027; x_wconf 87' lang='lat' dir='ltr'>lucemque</span> <span class='ocrx_word' id='word_1_38' title='bbox 654 963 766 1011; x_wconf 78' lang='lat' dir='ltr'>Remuria</span> <span class='ocrx_word' id='word_1_39' title='bbox 778 960 838 1014; x_wconf 82' lang='lat' dir='ltr'>dixit</span> 
     </span>
     <span class='ocr_line' id='line_1_8' title="bbox 250 1036 983 1107; baseline 0.004 -20"><span class='ocrx_word' id='word_1_40' title='bbox 250 1038 337 1100; x_wconf 88' lang='lat' dir='ltr'>illam,</span> <span class='ocrx_word' id='word_1_41' title='bbox 355 1039 403 1107; x_wconf 70' lang='lat' dir='ltr'>qui</span> <span class='ocrx_word' id='word_1_42' title='bbox 413 1043 496 1106; x_wconf 85' lang='lat' dir='ltr'>positis</span> <span class='ocrx_word' id='word_1_43' title='bbox 506 1040 566 1105; x_wconf 86' lang='lat' dir='ltr'>justa</span> <span class='ocrx_word' id='word_1_44' title='bbox 577 1040 685 1091; x_wconf 88' lang='lat' dir='ltr'>seruntur</span> <span class='ocrx_word' id='word_1_45' title='bbox 695 1044 753 1091; x_wconf 88' lang='lat' dir='ltr'>avis.</span> <span class='ocrx_word' id='word_1_46' title='bbox 934 1036 983 1096; x_wconf 67' lang='lat'>430</span> 
     </span>
    </p>
   </div>
   <div class='ocr_carea' id='block_1_3' title="bbox 136 1116 782 1185">
    <p class='ocr_par' dir='ltr' id='par_1_3' title="bbox 136 1116 782 1185">
     <span class='ocr_line' id='line_1_9' title="bbox 136 1116 782 1185; baseline 0.006 -20"><span class='ocrx_word' id='word_1_47' title='bbox 136 1116 143 1125; x_wconf 83' lang='lat'><em>&#39;</em></span> <span class='ocrx_word' id='word_1_48' title='bbox 213 1118 302 1181; x_wconf 77' lang='lat' dir='ltr'>Aspera</span> <span class='ocrx_word' id='word_1_49' title='bbox 313 1132 406 1168; x_wconf 86' lang='lat' dir='ltr'>mutata</span> <span class='ocrx_word' id='word_1_50' title='bbox 415 1119 448 1167; x_wconf 89' lang='lat' dir='ltr'>est</span> <span class='ocrx_word' id='word_1_51' title='bbox 460 1121 485 1167; x_wconf 91' lang='lat' dir='ltr'>in</span> <span class='ocrx_word' id='word_1_52' title='bbox 498 1118 577 1167; x_wconf 85' lang='lat' dir='ltr'>leuem</span> <span class='ocrx_word' id='word_1_53' title='bbox 591 1133 699 1185; x_wconf 90' lang='lat' dir='ltr'>ternpore</span> <span class='ocrx_word' id='word_1_54' title='bbox 707 1119 782 1184; x_wconf 83' lang='lat' dir='ltr'>longo</span> 
     </span>
    </p>
   </div>
   <div class='ocr_carea' id='block_1_4' title="bbox 212 1194 980 2981">
    <p class='ocr_par' dir='ltr' id='par_1_4' title="bbox 212 1194 980 2981">
     <span class='ocr_line' id='line_1_10' title="bbox 248 1194 751 1263; baseline 0.004 -19"><span class='ocrx_word' id='word_1_55' title='bbox 248 1194 343 1251; x_wconf 82' lang='lat' dir='ltr'>Litera,</span> <span class='ocrx_word' id='word_1_56' title='bbox 361 1213 414 1263; x_wconf 86' lang='lat' dir='ltr'>qure</span> <span class='ocrx_word' id='word_1_57' title='bbox 427 1211 480 1247; x_wconf 92' lang='lat' dir='ltr'>toto</span> <span class='ocrx_word' id='word_1_58' title='bbox 493 1200 592 1247; x_wconf 88' lang='lat' dir='ltr'>nomine</span> <span class='ocrx_word' id='word_1_59' title='bbox 603 1198 680 1262; x_wconf 86' lang='lat' dir='ltr'>prima</span> <span class='ocrx_word' id='word_1_60' title='bbox 696 1196 751 1247; x_wconf 87' lang='lat' dir='ltr'>fuit.</span> 
     </span>
     <span class='ocr_line' id='line_1_11' title="bbox 212 1272 803 1325; baseline 0.003 -2"><span class='ocrx_word' id='word_1_61' title='bbox 212 1272 276 1324; x_wconf 87' lang='lat' dir='ltr'>Mox</span> <span class='ocrx_word' id='word_1_62' title='bbox 287 1276 360 1324; x_wconf 82' lang='lat' dir='ltr'>etiarn</span> <span class='ocrx_word' id='word_1_63' title='bbox 370 1274 482 1324; x_wconf 89' lang='lat' dir='ltr'>Lemures</span> <span class='ocrx_word' id='word_1_64' title='bbox 490 1278 581 1324; x_wconf 84' lang='lat' dir='ltr'>animas</span> <span class='ocrx_word' id='word_1_65' title='bbox 591 1272 670 1324; x_wconf 85' lang='lat' dir='ltr'>dixere</span> <span class='ocrx_word' id='word_1_66' title='bbox 680 1274 803 1325; x_wconf 78' lang='lat' dir='ltr'>silentrim.</span> 
     </span>
     <span class='ocr_line' id='line_1_12' title="bbox 249 1351 689 1413; baseline 0.002 -13"><span class='ocrx_word' id='word_1_67' title='bbox 249 1351 272 1400; x_wconf 86' lang='lat' dir='ltr'>Is</span> <span class='ocrx_word' id='word_1_68' title='bbox 281 1354 349 1402; x_wconf 86' lang='lat' dir='ltr'>verbi</span> <span class='ocrx_word' id='word_1_69' title='bbox 359 1354 437 1402; x_wconf 87' lang='lat' dir='ltr'>seusus</span> <span class='ocrx_word' id='word_1_70' title='bbox 447 1388 456 1413; x_wconf 91' lang='lat'>‚</span> <span class='ocrx_word' id='word_1_71' title='bbox 465 1356 501 1403; x_wconf 88' lang='lat' dir='ltr'>vis</span> <span class='ocrx_word' id='word_1_72' title='bbox 513 1369 541 1402; x_wconf 88' lang='lat' dir='ltr'>ea</span> <span class='ocrx_word' id='word_1_73' title='bbox 549 1356 617 1403; x_wconf 82' lang='lat' dir='ltr'>vocis</span> <span class='ocrx_word' id='word_1_74' title='bbox 631 1368 689 1402; x_wconf 88' lang='lat' dir='ltr'>erat.</span> 
     </span>
     <span class='ocr_line' id='line_1_13' title="bbox 215 1424 980 1491; baseline 0.001 -14"><span class='ocrx_word' id='word_1_75' title='bbox 215 1428 281 1478; x_wconf 80' lang='lat' dir='ltr'>Pana</span> <span class='ocrx_word' id='word_1_76' title='bbox 292 1445 373 1479; x_wconf 84' lang='lat' dir='ltr'>tamen</span> <span class='ocrx_word' id='word_1_77' title='bbox 381 1446 472 1481; x_wconf 82' lang='lat' dir='ltr'>veteres</span> <span class='ocrx_word' id='word_1_78' title='bbox 479 1430 527 1478; x_wconf 88' lang='lat' dir='ltr'>illis</span> <span class='ocrx_word' id='word_1_79' title='bbox 537 1430 641 1478; x_wconf 85' lang='lat' dir='ltr'>clausere</span> <span class='ocrx_word' id='word_1_80' title='bbox 651 1427 755 1491; x_wconf 85' lang='lat' dir='ltr'>diebus&#39;,</span> <span class='ocrx_word' id='word_1_81' title='bbox 933 1424 980 1487; x_wconf 82' lang='lat'>485</span> 
     </span>
     <span class='ocr_line' id='line_1_14' title="bbox 249 1505 737 1573; baseline 0.002 -18"><span class='ocrx_word' id='word_1_82' title='bbox 249 1505 285 1555; x_wconf 90' lang='lat' dir='ltr'>Ut</span> <span class='ocrx_word' id='word_1_83' title='bbox 295 1522 358 1555; x_wconf 89' lang='lat' dir='ltr'>nunc</span> <span class='ocrx_word' id='word_1_84' title='bbox 369 1507 437 1557; x_wconf 76' lang='lat' dir='ltr'>ferali</span> <span class='ocrx_word' id='word_1_85' title='bbox 448 1522 555 1573; x_wconf 89' lang='lat' dir='ltr'>ternpore</span> <span class='ocrx_word' id='word_1_86' title='bbox 568 1522 652 1573; x_wconf 90' lang='lat' dir='ltr'>operta</span> <span class='ocrx_word' id='word_1_87' title='bbox 661 1506 737 1558; x_wconf 88' lang='lat' dir='ltr'>vides.</span> 
     </span>
     <span class='ocr_line' id='line_1_15' title="bbox 214 1582 769 1652; baseline 0.005 -19"><span class='ocrx_word' id='word_1_88' title='bbox 214 1582 268 1633; x_wconf 90' lang='lat' dir='ltr'>Nec</span> <span class='ocrx_word' id='word_1_89' title='bbox 278 1582 357 1635; x_wconf 80' lang='lat' dir='ltr'>viduae</span> <span class='ocrx_word' id='word_1_90' title='bbox 367 1584 435 1635; x_wconf 74' lang='lat' dir='ltr'>tedis</span> <span class='ocrx_word' id='word_1_91' title='bbox 444 1583 544 1647; x_wconf 87' lang='lat' dir='ltr'>eadem,</span> <span class='ocrx_word' id='word_1_92' title='bbox 555 1602 599 1635; x_wconf 89' lang='lat' dir='ltr'>nec</span> <span class='ocrx_word' id='word_1_93' title='bbox 608 1589 705 1652; x_wconf 82' lang='lat' dir='ltr'>virginis</span> <span class='ocrx_word' id='word_1_94' title='bbox 714 1602 769 1652; x_wconf 85' lang='lat' dir='ltr'>apta</span> 
     </span>
     <span class='ocr_line' id='line_1_16' title="bbox 248 1662 808 1729; baseline 0.007 -17"><span class='ocrx_word' id='word_1_95' title='bbox 248 1662 385 1728; x_wconf 79' lang='lat' dir='ltr'>Tempora:</span> <span class='ocrx_word' id='word_1_96' title='bbox 396 1680 449 1729; x_wconf 76' lang='lat' dir='ltr'>quar</span> <span class='ocrx_word' id='word_1_97' title='bbox 459 1668 557 1729; x_wconf 85' lang='lat' dir='ltr'>nupsit,</span> <span class='ocrx_word' id='word_1_98' title='bbox 568 1681 618 1715; x_wconf 86' lang='lat' dir='ltr'>nou</span> <span class='ocrx_word' id='word_1_99' title='bbox 629 1663 741 1715; x_wconf 88' lang='lat' dir='ltr'>diuturna</span> <span class='ocrx_word' id='word_1_100' title='bbox 752 1664 808 1716; x_wconf 86' lang='lat' dir='ltr'>fuit.</span> 
     </span>
     <span class='ocr_line' id='line_1_17' title="bbox 213 1739 833 1809; baseline 0.003 -20"><span class='ocrx_word' id='word_1_101' title='bbox 213 1739 266 1790; x_wconf 84' lang='lat' dir='ltr'>Hac</span> <span class='ocrx_word' id='word_1_102' title='bbox 277 1758 373 1807; x_wconf 90' lang='lat' dir='ltr'>quoque</span> <span class='ocrx_word' id='word_1_103' title='bbox 384 1740 414 1791; x_wconf 94' lang='lat' dir='ltr'>de</span> <span class='ocrx_word' id='word_1_104' title='bbox 425 1742 504 1803; x_wconf 73' lang='lat' dir='ltr'>causi,</span> <span class='ocrx_word' id='word_1_105' title='bbox 517 1746 536 1791; x_wconf 91' lang='lat' dir='ltr'>si</span> <span class='ocrx_word' id='word_1_106' title='bbox 547 1757 569 1792; x_wconf 93' lang='lat' dir='ltr'>te</span> <span class='ocrx_word' id='word_1_107' title='bbox 580 1744 706 1808; x_wconf 84' lang='lat' dir='ltr'>proverbia</span> <span class='ocrx_word' id='word_1_108' title='bbox 717 1756 833 1809; x_wconf 73' lang='lat' dir='ltr'>tangunt,</span> 
     </span>
     <span class='ocr_line' id='line_1_18' title="bbox 246 1819 980 1887; baseline 0.01 -21"><span class='ocrx_word' id='word_1_109' title='bbox 246 1819 330 1868; x_wconf 87' lang='lat' dir='ltr'>Mense</span> <span class='ocrx_word' id='word_1_110' title='bbox 343 1819 417 1867; x_wconf 85' lang='lat' dir='ltr'>maias</span> <span class='ocrx_word' id='word_1_111' title='bbox 427 1819 496 1885; x_wconf 74' lang='lat' dir='ltr'>Maio</span> <span class='ocrx_word' id='word_1_112' title='bbox 507 1822 595 1869; x_wconf 86' lang='lat' dir='ltr'>nubere</span> <span class='ocrx_word' id='word_1_113' title='bbox 605 1823 691 1887; x_wconf 82' lang='lat' dir='ltr'>vulgus</span> <span class='ocrx_word' id='word_1_114' title='bbox 702 1824 745 1871; x_wconf 86' lang='lat' dir='ltr'>ait.</span> <span class='ocrx_word' id='word_1_115' title='bbox 930 1831 980 1885; x_wconf 65' lang='lat'>490</span> 
     </span>
     <span class='ocr_line' id='line_1_19' title="bbox 213 1893 970 1964; baseline 0.007 -21"><span class='ocrx_word' id='word_1_116' title='bbox 213 1893 261 1944; x_wconf 84' lang='lat' dir='ltr'>Sed</span> <span class='ocrx_word' id='word_1_117' title='bbox 272 1910 352 1944; x_wconf 87' lang='lat' dir='ltr'>tameo</span> <span class='ocrx_word' id='word_1_118' title='bbox 363 1898 412 1945; x_wconf 83' lang='lat' dir='ltr'>haec</span> <span class='ocrx_word' id='word_1_119' title='bbox 424 1900 469 1945; x_wconf 84' lang='lat' dir='ltr'>tria</span> <span class='ocrx_word' id='word_1_120' title='bbox 482 1899 536 1947; x_wconf 86' lang='lat' dir='ltr'>suot</span> <span class='ocrx_word' id='word_1_121' title='bbox 547 1900 590 1947; x_wconf 89' lang='lat' dir='ltr'>sub</span> <span class='ocrx_word' id='word_1_122' title='bbox 602 1897 688 1948; x_wconf 88' lang='lat' dir='ltr'>eodem</span> <span class='ocrx_word' id='word_1_123' title='bbox 702 1914 809 1964; x_wconf 88' lang='lat' dir='ltr'>ternpore</span> <span class='ocrx_word' id='word_1_124' title='bbox 824 1896 882 1947; x_wconf 86' lang='lat' dir='ltr'>festa</span> <span class='ocrx_word' id='word_1_125' title='bbox 968 1902 970 1909; x_wconf 83' lang='grc'><strong>“</strong></span> 
     </span>
     <span class='ocr_line' id='line_1_20' title="bbox 247 1973 641 2025; baseline 0.013 -4"><span class='ocrx_word' id='word_1_126' title='bbox 247 1974 312 2022; x_wconf 88' lang='lat' dir='ltr'>inter</span> <span class='ocrx_word' id='word_1_127' title='bbox 323 1974 346 2021; x_wconf 91' lang='lat' dir='ltr'>se</span> <span class='ocrx_word' id='word_1_128' title='bbox 358 1973 427 2022; x_wconf 86' lang='lat' dir='ltr'>nullo</span> <span class='ocrx_word' id='word_1_129' title='bbox 442 1978 581 2025; x_wconf 81' lang='lat' dir='ltr'>continuata</span> <span class='ocrx_word' id='word_1_130' title='bbox 593 1974 641 2025; x_wconf 90' lang='lat' dir='ltr'>die.</span> 
     </span>
     <span class='ocr_line' id='line_1_21' title="bbox 215 2048 787 2120; baseline 0.01 -23"><span class='ocrx_word' id='word_1_131' title='bbox 215 2049 327 2110; x_wconf 86' lang='lat' dir='ltr'>Quorum</span> <span class='ocrx_word' id='word_1_132' title='bbox 340 2052 359 2099; x_wconf 90' lang='lat' dir='ltr'>si</span> <span class='ocrx_word' id='word_1_133' title='bbox 368 2048 454 2099; x_wconf 88' lang='lat' dir='ltr'>mediis</span> <span class='ocrx_word' id='word_1_134' title='bbox 464 2050 569 2101; x_wconf 79' lang='lat' dir='ltr'>Boeoton</span> <span class='ocrx_word' id='word_1_135' title='bbox 578 2054 671 2102; x_wconf 88' lang='lat' dir='ltr'>Oriona</span> <span class='ocrx_word' id='word_1_136' title='bbox 682 2068 787 2120; x_wconf 66' lang='lat' dir='ltr'>quaerets</span> 
     </span>
     <span class='ocr_line' id='line_1_22' title="bbox 220 2126 763 2193; baseline 0.013 -18"><span class='ocrx_word' id='word_1_137' title='bbox 220 2180 224 2188; x_wconf 30' lang='lat'><strong>¹</strong></span> <span class='ocrx_word' id='word_1_138' title='bbox 247 2126 327 2176; x_wconf 73' lang='lat' dir='ltr'>salsus</span> <span class='ocrx_word' id='word_1_139' title='bbox 342 2130 404 2176; x_wconf 82' lang='lat' dir='ltr'>eris:</span> <span class='ocrx_word' id='word_1_140' title='bbox 417 2131 478 2193; x_wconf 81' lang='lat' dir='ltr'>signi</span> <span class='ocrx_word' id='word_1_141' title='bbox 489 2130 557 2178; x_wconf 79' lang='lat' dir='ltr'>causa</span> <span class='ocrx_word' id='word_1_142' title='bbox 570 2130 677 2181; x_wconf 84' lang='lat' dir='ltr'>canenda</span> <span class='ocrx_word' id='word_1_143' title='bbox 693 2134 763 2182; x_wconf 89' lang='lat' dir='ltr'>mihi.</span> 
     </span>
     <span class='ocr_line' id='line_1_23' title="bbox 214 2205 975 2276; baseline 0.016 -23"><span class='ocrx_word' id='word_1_144' title='bbox 214 2205 322 2271; x_wconf 86' lang='lat' dir='ltr'>Juppirer</span> <span class='ocrx_word' id='word_1_145' title='bbox 334 2240 342 2267; x_wconf 90' lang='lat'>‚</span> <span class='ocrx_word' id='word_1_146' title='bbox 359 2210 385 2256; x_wconf 71' lang='grc' dir='ltr'>ὃ(</span> <span class='ocrx_word' id='word_1_147' title='bbox 402 2206 453 2256; x_wconf 86' lang='lat' dir='ltr'>lato</span> <span class='ocrx_word' id='word_1_148' title='bbox 464 2210 506 2273; x_wconf 91' lang='lat' dir='ltr'>qui</span> <span class='ocrx_word' id='word_1_149' title='bbox 520 2224 604 2273; x_wconf 79' lang='lat' dir='ltr'>regnat</span> <span class='ocrx_word' id='word_1_150' title='bbox 613 2211 639 2258; x_wconf 90' lang='lat' dir='ltr'>in</span> <span class='ocrx_word' id='word_1_151' title='bbox 651 2225 745 2276; x_wconf 81' lang='lat' dir='ltr'>aequote</span> <span class='ocrx_word' id='word_1_152' title='bbox 756 2210 845 2267; x_wconf 82' lang='lat' dir='ltr'>frater,</span> <span class='ocrx_word' id='word_1_153' title='bbox 930 2224 975 2269; x_wconf 77' lang='lat'>495</span> 
     </span>
     <span class='ocr_line' id='line_1_24' title="bbox 246 2282 763 2353; baseline 0.012 -20"><span class='ocrx_word' id='word_1_154' title='bbox 246 2282 383 2349; x_wconf 85' lang='lat' dir='ltr'>Carpebant</span> <span class='ocrx_word' id='word_1_155' title='bbox 394 2286 485 2341; x_wconf 84' lang='lat' dir='ltr'>socias,</span> <span class='ocrx_word' id='word_1_156' title='bbox 495 2286 694 2353; x_wconf 86' lang='lat' dir='ltr'>Mercuriusque,</span> <span class='ocrx_word' id='word_1_157' title='bbox 704 2292 763 2340; x_wconf 87' lang='lat' dir='ltr'>vias.</span> 
     </span>
     <span class='ocr_line' id='line_1_25' title="bbox 214 2360 862 2430; baseline 0.014 -21"><span class='ocrx_word' id='word_1_158' title='bbox 214 2360 319 2427; x_wconf 86' lang='lat' dir='ltr'>Tempus</span> <span class='ocrx_word' id='word_1_159' title='bbox 338 2378 388 2413; x_wconf 87' lang='lat' dir='ltr'>erat</span> <span class='ocrx_word' id='word_1_160' title='bbox 399 2398 408 2424; x_wconf 93' lang='lat'>,</span> <span class='ocrx_word' id='word_1_161' title='bbox 420 2380 470 2429; x_wconf 90' lang='lat' dir='ltr'>quo</span> <span class='ocrx_word' id='word_1_162' title='bbox 479 2367 546 2415; x_wconf 82' lang='lat' dir='ltr'>versa</span> <span class='ocrx_word' id='word_1_163' title='bbox 555 2368 615 2430; x_wconf 84' lang='lat' dir='ltr'>jugo</span> <span class='ocrx_word' id='word_1_164' title='bbox 623 2366 757 2417; x_wconf 86' lang='lat' dir='ltr'>referuntur</span> <span class='ocrx_word' id='word_1_165' title='bbox 767 2382 843 2418; x_wconf 88' lang='lat' dir='ltr'>aratra</span> <span class='ocrx_word' id='word_1_166' title='bbox 853 2384 862 2428; x_wconf 78' lang='lat'>5</span> 
     </span>
     <span class='ocr_line' id='line_1_26' title="bbox 245 2438 763 2510; baseline 0.017 -23"><span class='ocrx_word' id='word_1_167' title='bbox 245 2438 276 2488; x_wconf 88' lang='lat' dir='ltr'>Et</span> <span class='ocrx_word' id='word_1_168' title='bbox 290 2456 393 2505; x_wconf 86' lang='lat' dir='ltr'>pronum</span> <span class='ocrx_word' id='word_1_169' title='bbox 404 2443 487 2491; x_wconf 71' lang='lat' dir='ltr'>sature</span> <span class='ocrx_word' id='word_1_170' title='bbox 498 2442 534 2492; x_wconf 85' lang='lat' dir='ltr'>iac</span> <span class='ocrx_word' id='word_1_171' title='bbox 546 2444 609 2493; x_wconf 87' lang='lat' dir='ltr'>bibit</span> <span class='ocrx_word' id='word_1_172' title='bbox 617 2460 691 2510; x_wconf 83' lang='lat' dir='ltr'>agnus</span> <span class='ocrx_word' id='word_1_173' title='bbox 703 2449 763 2497; x_wconf 87' lang='lat' dir='ltr'>ovis.</span> 
     </span>
     <span class='ocr_line' id='line_1_27' title="bbox 212 2514 794 2590; baseline 0.017 -25"><span class='ocrx_word' id='word_1_174' title='bbox 212 2514 283 2567; x_wconf 83' lang='lat' dir='ltr'>Forte</span> <span class='ocrx_word' id='word_1_175' title='bbox 298 2519 368 2567; x_wconf 84' lang='lat' dir='ltr'>senex</span> <span class='ocrx_word' id='word_1_176' title='bbox 379 2518 495 2582; x_wconf 85' lang='lat' dir='ltr'>Hyrieus,</span> <span class='ocrx_word' id='word_1_177' title='bbox 510 2522 601 2587; x_wconf 83' lang='lat' dir='ltr'>angusti</span> <span class='ocrx_word' id='word_1_178' title='bbox 612 2524 691 2573; x_wconf 89' lang='lat' dir='ltr'>cuitor</span> <span class='ocrx_word' id='word_1_179' title='bbox 705 2525 794 2590; x_wconf 83' lang='lat' dir='ltr'>agelli,</span> 
     </span>
     <span class='ocr_line' id='line_1_28' title="bbox 246 2593 978 2670; baseline 0.018 -27"><span class='ocrx_word' id='word_1_180' title='bbox 246 2595 297 2644; x_wconf 88' lang='lat' dir='ltr'>Hos</span> <span class='ocrx_word' id='word_1_181' title='bbox 307 2593 392 2651; x_wconf 80' lang='lat' dir='ltr'>vider,</span> <span class='ocrx_word' id='word_1_182' title='bbox 410 2600 519 2663; x_wconf 75' lang='lat' dir='ltr'>exiguam</span> <span class='ocrx_word' id='word_1_183' title='bbox 529 2600 605 2649; x_wconf 83' lang='lat' dir='ltr'>stabat</span> <span class='ocrx_word' id='word_1_184' title='bbox 615 2616 642 2651; x_wconf 92' lang='lat' dir='ltr'>ut</span> <span class='ocrx_word' id='word_1_185' title='bbox 653 2617 707 2652; x_wconf 84' lang='lat' dir='ltr'>ante</span> <span class='ocrx_word' id='word_1_186' title='bbox 716 2605 805 2654; x_wconf 83' lang='lat' dir='ltr'>casam.</span> <span class='ocrx_word' id='word_1_187' title='bbox 931 2623 978 2670; x_wconf 83' lang='lat'>500</span> 
     </span>
     <span class='ocr_line' id='line_1_29' title="bbox 213 2672 925 2749; baseline 0.018 -29"><span class='ocrx_word' id='word_1_188' title='bbox 213 2672 290 2737; x_wconf 79' lang='lat' dir='ltr'>Atque</span> <span class='ocrx_word' id='word_1_189' title='bbox 297 2676 340 2733; x_wconf 86' lang='lat' dir='ltr'>ita,</span> <span class='ocrx_word' id='word_1_190' title='bbox 348 2674 431 2739; x_wconf 79' lang='lat' dir='ltr'>Longa</span> <span class='ocrx_word' id='word_1_191' title='bbox 438 2677 477 2725; x_wconf 84' lang='lat' dir='ltr'>via</span> <span class='ocrx_word' id='word_1_192' title='bbox 484 2677 530 2738; x_wconf 83' lang='lat' dir='ltr'>est,</span> <span class='ocrx_word' id='word_1_193' title='bbox 540 2694 584 2727; x_wconf 88' lang='lat' dir='ltr'>nec</span> <span class='ocrx_word' id='word_1_194' title='bbox 591 2694 700 2745; x_wconf 88' lang='lat' dir='ltr'>tempora</span> <span class='ocrx_word' id='word_1_195' title='bbox 708 2680 779 2748; x_wconf 82' lang='lat' dir='ltr'>longa</span> <span class='ocrx_word' id='word_1_196' title='bbox 786 2682 925 2749; x_wconf 86' lang='lat' dir='ltr'>supersunt,</span> 
     </span>
     <span class='ocr_line' id='line_1_30' title="bbox 246 2750 753 2823; baseline 0.02 -26"><span class='ocrx_word' id='word_1_197' title='bbox 246 2750 328 2809; x_wconf 82' lang='lat' dir='ltr'>Dixit3</span> <span class='ocrx_word' id='word_1_198' title='bbox 341 2754 365 2800; x_wconf 77' lang='grc' dir='ltr'>δι</span> <span class='ocrx_word' id='word_1_199' title='bbox 374 2753 505 2817; x_wconf 82' lang='lat' dir='ltr'>hospitibus</span> <span class='ocrx_word' id='word_1_200' title='bbox 514 2758 586 2820; x_wconf 68' lang='lat' dir='ltr'>ianua</span> <span class='ocrx_word' id='word_1_201' title='bbox 594 2756 672 2805; x_wconf 83' lang='lat' dir='ltr'>nostra</span> <span class='ocrx_word' id='word_1_202' title='bbox 679 2773 753 2823; x_wconf 85' lang='lat' dir='ltr'>patet.</span> 
     </span>
     <span class='ocr_line' id='line_1_31' title="bbox 214 2824 803 2903; baseline 0.022 -28"><span class='ocrx_word' id='word_1_203' title='bbox 214 2824 313 2878; x_wconf 77' lang='lat' dir='ltr'>Addidit</span> <span class='ocrx_word' id='word_1_204' title='bbox 320 2832 345 2879; x_wconf 80' lang='lat' dir='ltr'>bt</span> <span class='ocrx_word' id='word_1_205' title='bbox 353 2829 448 2879; x_wconf 88' lang='lat' dir='ltr'>vultum</span> <span class='ocrx_word' id='word_1_206' title='bbox 455 2834 544 2889; x_wconf 87' lang='lat' dir='ltr'>verbis,</span> <span class='ocrx_word' id='word_1_207' title='bbox 555 2836 690 2902; x_wconf 87' lang='lat' dir='ltr'>iterumque</span> <span class='ocrx_word' id='word_1_208' title='bbox 701 2838 803 2903; x_wconf 77' lang='lat' dir='ltr'>rogavit.</span> 
     </span>
     <span class='ocr_line' id='line_1_32' title="bbox 244 2905 762 2981; baseline 0.023 -27"><span class='ocrx_word' id='word_1_209' title='bbox 244 2905 329 2957; x_wconf 89' lang='lat' dir='ltr'>Parent</span> <span class='ocrx_word' id='word_1_210' title='bbox 337 2908 762 2981; x_wconf 84' lang='lat' dir='ltr'>promissis,dissimulantqueDeos.</span> 
     </span>
    </p>
   </div>
   <div class='ocr_carea' id='block_1_5' title="bbox 214 2979 973 3135">
    <p class='ocr_par' dir='ltr' id='par_1_5' title="bbox 214 2979 973 3135">
     <span class='ocr_line' id='line_1_33' title="bbox 214 2979 973 3072; baseline 0.026 -42"><span class='ocrx_word' id='word_1_211' title='bbox 214 2979 284 3032; x_wconf 64' lang='lat' dir='ltr'>Teon</span> <span class='ocrx_word' id='word_1_212' title='bbox 294 2985 355 3033; x_wconf 87' lang='lat' dir='ltr'>senis</span> <span class='ocrx_word' id='word_1_213' title='bbox 370 2986 567 3054; x_wconf 77' lang='lat' dir='ltr'>subeunt,nigro</span> <span class='ocrx_word' id='word_1_214' title='bbox 577 2988 697 3042; x_wconf 88' lang='lat' dir='ltr'>deformia</span> <span class='ocrx_word' id='word_1_215' title='bbox 708 2994 793 3045; x_wconf 78' lang='lat' dir='ltr'>fumos</span> <span class='ocrx_word' id='word_1_216' title='bbox 922 3020 973 3072; x_wconf 67' lang='lat' dir='ltr'>v305</span> 
     </span>
     <span class='ocr_line' id='line_1_34' title="bbox 245 3059 726 3135; baseline 0.029 -26"><span class='ocrx_word' id='word_1_217' title='bbox 245 3059 308 3125; x_wconf 79' lang='lat' dir='ltr'>ignis</span> <span class='ocrx_word' id='word_1_218' title='bbox 322 3064 348 3112; x_wconf 88' lang='lat' dir='ltr'>in</span> <span class='ocrx_word' id='word_1_219' title='bbox 365 3064 474 3114; x_wconf 83' lang='lat' dir='ltr'>hesterno</span> <span class='ocrx_word' id='word_1_220' title='bbox 483 3066 562 3132; x_wconf 89' lang='lat' dir='ltr'>stipite</span> <span class='ocrx_word' id='word_1_221' title='bbox 571 3086 657 3135; x_wconf 88' lang='lat' dir='ltr'>parvus</span> <span class='ocrx_word' id='word_1_222' title='bbox 669 3086 726 3123; x_wconf 87' lang='lat' dir='ltr'>erat.</span> 
     </span>
    </p>
   </div>
   <div class='ocr_carea' id='block_1_6' title="bbox 213 3135 815 3300">
    <p class='ocr_par' dir='ltr' id='par_1_6' title="bbox 213 3135 815 3300">
     <span class='ocr_line' id='line_1_35' title="bbox 213 3135 811 3213; baseline 0.025 -27"><span class='ocrx_word' id='word_1_223' title='bbox 213 3135 278 3202; x_wconf 84' lang='lat' dir='ltr'>ipse,</span> <span class='ocrx_word' id='word_1_224' title='bbox 295 3156 358 3207; x_wconf 71' lang='lat' dir='ltr'>genu</span> <span class='ocrx_word' id='word_1_225' title='bbox 367 3146 464 3209; x_wconf 88' lang='lat' dir='ltr'>posito,</span> <span class='ocrx_word' id='word_1_226' title='bbox 480 3142 726 3201; x_wconf 81' lang='lat' dir='ltr'>flammas&#39;exsuscirat</span> <span class='ocrx_word' id='word_1_227' title='bbox 736 3150 811 3213; x_wconf 73' lang='lat' dir='ltr'>auri,</span> 
     </span>
     <span class='ocr_line' id='line_1_36' title="bbox 753 3232 815 3300; baseline 0 -17"><span class='ocrx_word' id='word_1_228' title='bbox 753 3232 772 3283; x_wconf 81' lang='lat' dir='ltr'>F</span> <span class='ocrx_word' id='word_1_229' title='bbox 791 3232 815 3300; x_wconf 83' lang='lat' dir='ltr'>vj</span> 
     </span>
    </p>
   </div>
   <div class='ocr_carea' id='block_1_7' title="bbox 0 0 1168 3959">
    <p class='ocr_par' dir='ltr' id='par_1_7' title="bbox 0 0 1168 3959">
     <span class='ocr_line' id='line_1_37' title="bbox 0 0 1168 3959; baseline 0 0"><span class='ocrx_word' id='word_1_230' title='bbox 0 0 1168 3959; x_wconf 95' lang='lat' dir='ltr'> </span> 
     </span>
    </p>
   </div>
  </div>
 </body>
</html>
