2325 3959
320 428 394 509 ‘376
465 422 917 508 P.Ov1n11NArourr‚

320 546 384 612 Ergo
396 563 441 615 ego
453 544 547 603 cessabo
559 568 691 619 numquam
700 569 741 619 per
752 558 857 605 carmina
867 553 942 609 ledis

351 626 441 676 Pleeiar
452 632 476 678 st
488 633 586 680 incauto
595 634 686 696 semper
697 634 727 681 ab
736 636 849 697 ingenio?

318 702 382 769 Ergo
392 721 454 769 ego,
466 722 495 754 ne
506 708 624 767 scribam,
634 706 722 773 digitos
732 709 837 759 incidere
848 714 950 761 cunslot
962 719 974 764 Ξ

271 800 301 835 ιο
350 782 455 848 Telaque
465 781 542 833 adhuc
552 783 665 846 dement,
677 802 730 852 quae
739 804 857 848 nocuere,
871 790 977 855 sequor?

318 858 357 910 Ad
367 876 456 911 veteres
467 863 576 927 scopulos
584 866 671 913 iterum
680 864 807 924 devertor3
819 863 851 915 ad
861 866 915 914 illas
927 896 937 925 ,

350 938 379 987 ln
390 941 474 1005 quibus
481 939 585 991 offendit
594 943 709 1008 naufraga
718 947 816 1009 puppii,
829 961 912 1010 aqtrar.

318 1014 364 1066 Sed
374 1018 435 1067 nihil
445 1016 530 1069 admisi
542 1038 547 1067 :
561 1020 628 1069 nulla
638 1021 670 1069 est
680 1037 734 1071 mea
743 1021 827 1087 eulpa,
839 1023 962 1081 Tomitt3

350 1095 416 1155 Quor
426 1112 471 1161 ego
480 1131 488 1155 ,
502 1096 556 1144 crim
568 1097 622 1147 loca
631 1102 676 1147 sim
686 1100 760 1149 vestra
769 1101 881 1164 perosus,
891 1117 960 1149 amo.

271 1191 298 1239 ²5
319 1168 426 1230 Quilibet
435 1175 538 1222 excutiat
547 1172 621 1221 nostri
632 1189 789 1223 monumenta
799 1173 905 1235 laboris,

350 1245 428 1295 Litera
439 1244 468 1295 de
478 1249 546 1297 vobis
558 1248 591 1297 est
601 1265 654 1297 mea
664 1249 744 1313 questa
754 1248 825 1297 nibil.

316 1322 411 1389 Frigus,
424 1330 449 1375 &
460 1328 565 1375 incursus
573 1329 641 1376 omni
651 1324 680 1374 de
690 1340 757 1391 parte
767 1323 904 1382 timendos.

348 1403 380 1453 Et
390 1402 455 1469 quod
466 1404 571 1469 pulsetur
579 1420 659 1453 murus
670 1404 699 1451 ab
706 1403 772 1451 hoste
781 1438 789 1462 ,
799 1420 897 1468 queror.

316 1478 344 1528 In
355 1480 425 1541 loca,
438 1496 488 1530 non
499 1484 624 1540 homines,
635 1484 758 1533 verissima
767 1484 868 1530 crimina
879 1480 931 1531 dixi
943 1500 952 1532 e

271 1584 301 1631 ³⁹
315 1557 895 1702 rillisis{sslsslls‘lslffi

347 1713 409 1761 Ausa
419 1714 451 1761 est
462 1713 572 1777 agricolae
587 1714 658 1762 Musa
668 1710 754 1761 docere
765 1714 835 1760 senis.

314 1789 432 1840 Atsuerat
442 1792 503 1840 terri
514 1794 621 1855 genitur,
633 1794 675 1856 qui
683 1792 792 1854 scripsit,
803 1788 899 1840 inilia:

345 1870 464 1919 Intumuit
473 1872 575 1931 vrtinec
587 1884 669 1918 tamen
680 1870 751 1916 Ascra
761 1869 812 1917 suo.

270 1966 296 2013 35
317 1948 376 2011 Quis
386 1952 488 2013 patriam
500 1948 596 1997 sollerte
607 1950 682 2011 magis
693 1945 777 1996 dilexit
786 1942 888 2009 Ulyffe?

348 2029 401 2077 Hoc
413 2043 493 2078 tamen
505 2029 616 2091 asperitas
627 2024 706 2075 indice
720 2039 779 2074 nota
789 2024 838 2074 loci
847 2024 889 2072 est.

314 2104 372 2155 Non
385 2106 453 2165 loca,
467 2103 506 2154 sed
515 2122 593 2153 mores
602 2102 670 2153 distis
679 2105 773 2152 vexavit
784 2105 871 2151 amaris
950 2166 954 2174 ι

345 2185 450 2248 Scepsius
460 2182 577 2231 Ausonios
587 2217 595 2241 ,
605 2184 703 2247 istaque
717 2182 795 2229 Roma
804 2196 844 2229 rea
853 2178 895 2228 est.

313 2261 380 2311 Falsa
390 2275 470 2309 tamen
481 2258 545 2325 palla
555 2260 588 2309 est
597 2258 666 2325 aequi
676 2260 785 2309 convicia
795 2272 892 2316 mente,

264 2359 297 2403 4ο
345 2339 432 2389 Obsuir
443 2343 530 2388 arciori
540 2354 584 2387 nec
595 2337 645 2386 sera
655 2338 736 2401 lingua
746 2338 798 2386 suo.

312 2421 343 2468 At
353 2417 428 2466 malus
438 2420 566 2481 interpres,
576 2415 660 2479 populi
670 2417 730 2463 mihi
740 2417 847 2463 concitat
861 2417 923 2463 iram
933 2451 943 2476 ,

342 2496 416 2560 Inque
431 2507 521 2543 novum
533 2496 623 2541 crimen
633 2495 739 2541 earmina
749 2492 827 2540 nostra
838 2508 918 2542 vocat.

311 2572 373 2621 Tam
383 2571 441 2621 felir
449 2576 559 2631 utinam,
569 2571 644 2637 quim
655 2574 748 2636 pesiore
759 2568 890 2631 candidus,
902 2569 994 2623 effetus

342 2649 421 2699 Exstat
429 2648 507 2698 adhuc
517 2664 589 2698 nemo
600 2652 690 2697 saucius
701 2665 742 2698 ore
752 2665 818 2697 nreo.

260 2740 291 2787 45
310 2725 392 2786 Adde,
403 2726 470 2793 quod
480 2726 577 2789 lllyrici
585 2729 605 2773 si
615 2729 664 2790 jam
673 2728 725 2790 pice
735 2728 827 2790 nigrior
836 2723 927 2788 essem,

228 2824 230 2831 ‘
343 2806 400 2855 Non
410 2802 542 2855 mordenda
551 2807 612 2853 mihi
622 2804 691 2852 turba
701 2801 779 2852 fidelis
789 2819 848 2854 erat.

307 2883 418 2933 Molliter
428 2902 442 2933 a
451 2886 520 2935 vobis
528 2900 582 2932 mea
592 2884 641 2931 sorr
651 2896 762 2944 excepta,
773 2881 896 2943 Tomitae,

340 2964 403 3013 Tam
412 2966 483 3012 mites
491 2963 576 3028 Grajnr
589 2958 680 3010 indicat
689 2956 735 3007 effe
745 2961 818 3008 vires.

309 3040 372 3090 Gens
385 3055 439 3088 mea
450 3038 558 3103 Peligni,
569 3039 682 3103 regioque
694 3032 822 3083 domestica
832 3032 938 3099 Sulmo,

261 3157 293 3207 50
341 3119 399 3171 Non
410 3119 491 3186 potuit
503 3116 588 3167 nostris
598 3114 676 3166 lenior
687 3108 734 3163 elle
744 3110 827 3165 melis.
