2325 3959
223 428 288 494 372
363 406 406 475 P.
438 404 595 473 Ovinrr
627 407 826 475 Naroma

234 586 492 625 (ίῳ-Η...
610 569 919 622 &ms

329 710 669 779 EPISTOLA
709 709 821 775 XII.

394 855 772 920 TUTICANO.

223 942 336 1091 Quo
348 1016 426 1067 minda
437 1018 462 1067 in
472 1018 556 1067 nostris
566 1020 678 1084 ponaris,
690 1018 766 1067 amice
774 1049 787 1077 ‚-
794 1011 905 1074 libellis,

252 1094 366 1143 Nominis
378 1094 480 1145 efficitur
489 1095 630 1147 conditione
642 1100 687 1147 tui.

220 1171 260 1220 Ast
271 1187 315 1235 ego
326 1188 377 1221 non
386 1172 461 1221 alium
473 1174 536 1239 priris
548 1178 594 1224 hoc
606 1174 716 1240 dignaret
724 1174 836 1231 honoret

252 1248 292 1299 Est
302 1250 388 1315 aliquis
399 1251 506 1301 nostrum
517 1256 536 1301 ai
547 1252 624 1303 modo
635 1269 732 1303 carten
741 1255 830 1299 honos.

188 1344 199 1391 5
219 1326 267 1375 lex
279 1326 346 1393 pedis
357 1326 456 1389 officio,
468 1344 599 1397 naturaque
609 1334 732 1391 nominis,
744 1329 839 1378 obstant
852 1345 863 1377 e

252 1405 354 1471 Quique
365 1423 431 1455 meos
442 1407 526 1468 adeas,
539 1410 571 1459 est
580 1413 620 1459 via
628 1408 695 1459 nulla
702 1444 711 1469 ,
723 1404 821 1456 nrodot.

218 1483 284 1533 Nam
294 1480 368 1548 pudet
378 1486 404 1532 in
415 1489 523 1549 geminos
535 1490 568 1537 ita
578 1503 668 1536 nometi
679 1484 770 1535 findere
778 1484 880 1543 versut,

250 1562 352 1613 Desinat
364 1579 390 1613 ut
400 1567 465 1629 prior
475 1566 540 1624 hoc,
552 1568 700 1630 incipiatque
710 1565 799 1612 minor.

219 1640 250 1689 Et
261 1637 366 1705 pudeat,
378 1646 398 1691 si
410 1658 449 1701 te,
460 1643 508 1708 qua
519 1643 609 1704 syllaba
620 1657 685 1707 parte
695 1656 803 1690 moratur
815 1675 824 1703 ‚

173 1751 200 1785 to
253 1718 343 1768 Aruina
354 1720 489 1783 appellem,
501 1720 695 1786 Tuticanumque
705 1735 801 1768 vocem.

219 1797 270 1847 Nec
281 1811 349 1861 potes
360 1800 385 1845 in
397 1798 491 1845 versum
502 1798 615 1862 Tuticani
626 1814 692 1846 more
703 1799 801 1857 venite,

251 1875 307 1923 Fiat
317 1889 344 1923 ut
355 1892 367 1924 e
378 1875 450 1941 longa
461 1876 552 1938 syllaba
563 1879 640 1941 prima
651 1877 738 1924 brevis.

218 1951 267 2001 Aut
276 1948 420 2016 producatur
430 1988 438 2012 ‚
450 1969 502 2019 quaa
514 1969 577 2003 nunc
589 1952 720 2017 correptius
729 1954 794 2012 eait3

251 2030 282 2080 Et
292 2034 322 2080 sit
331 2032 437 2095 portelli
448 2033 521 2097 longa
531 2030 634 2081 secunda
645 2031 723 2081 mori.

172 2130 197 2177 ¹5
218 2108 262 2158 His
272 2125 317 2174 rgo
328 2113 347 2159 ai
357 2112 421 2161 vitiis
433 2113 510 2159 ausim
522 2126 675 2175 corrumpere
686 2124 793 2168 nomen,

250 2185 351 2249 Rideat,
364 2192 388 2237 δι
401 2187 488 2239 merito
499 2191 577 2253 podius
588 2189 674 2237 habere
685 2204 767 2251 neget.

216 2264 275 2313 Hac
286 2267 346 2315 milri
358 2267 427 2315 causa
438 2266 484 2314 fuit
494 2263 563 2314 dilati
577 2267 681 2313 muneris
693 2268 784 2329 huius,

250 2342 324 2407 Quod
335 2360 418 2402 meua,
430 2341 523 2406 adjeilo
534 2343 635 2403 fenore,
647 2341 731 2392 reddet
743 2359 808 2406 ager.
833 2383 836 2390 .

217 2420 299 2485 Teque
310 2437 393 2470 canam
404 2435 554 2485 quacumque
563 2421 639 2471 noti:
650 2422 694 2469 tibi
705 2423 809 2471 carmina
817 2420 934 2479 mittam.

170 2528 200 2561 20
249 2499 316 2546 Paene
325 2500 384 2546 mihi
395 2514 467 2562 puero
478 2500 575 2561 cognite
584 2513 650 2562 pane
661 2514 728 2563 puer.
782 2515 784 2520 ·

219 2578 309 2641 Perque
320 2590 358 2625 tot
367 2591 485 2625 annorum
493 2576 592 2636 seriem,
605 2590 666 2641 quot
674 2577 789 2625 habemus
798 2591 921 2643 uterque,

247 2655 305 2704 Non
316 2656 392 2712 mihi,
404 2653 479 2719 quim
489 2652 557 2705 fratri
570 2653 657 2714 frater,
670 2670 748 2704 amate
759 2654 847 2704 mintir.

215 2734 253 2783 Tu
265 2732 340 2782 bonus
351 2734 476 2786 hortator,
489 2747 515 2781 tu
525 2730 621 2799 duxque
632 2749 760 2798 comesque
773 2734 855 2790 fuisti,

247 2810 312 2861 cum
322 2827 427 2875 tegerem
441 2809 521 2860 teneri
532 2809 599 2859 frena
608 2810 706 2859 novella
715 2827 798 2861 manu.

165 2920 191 2963 ²5
214 2890 278 2953 Sape
289 2905 334 2953 ego
343 2890 436 2961 'correxi
448 2888 490 2936 sub
503 2904 525 2936 te
537 2889 633 2936 censore
643 2886 738 2937 libellos
750 2906 757 2937 a

246 2969 311 3032 Saepe
323 2966 368 3015 tibi
378 2964 504 3015 admonitu
516 2964 576 3015 falla
589 2964 660 3013 litura
670 2964 725 3015 nieo
737 2965 790 3026 ell;

214 3045 320 3109 Dignam
331 3044 442 3093 Maoniis
452 3040 577 3092 Phaeacida
588 3039 691 3092 condere
702 3044 789 3095 chartit

247 3120 312 3176 cnm
323 3135 346 3173 te
357 3118 459 3176 Piltidcs
469 3116 614 3189 perdocuere
626 3133 682 3171 tuae.
