2325 3959
306 353 457 457 Error.
483 403 540 456 nx
562 386 716 455 Ponro
737 388 774 456 L
795 386 862 456 IV.
890 393 957 474 367
1010 410 1014 415 ·

275 508 373 560 Femina
386 509 415 560 de
424 512 494 559 nobis
505 545 513 569 ,
524 513 605 570 virve,
616 526 702 575 puerve
711 544 721 567 ,
732 513 809 575 queri.

237 582 296 634 Hoc
308 586 382 647 facit,
396 602 422 637 ut
432 576 519 637 nrisero
530 588 627 639 faveant
637 585 762 653 adsintque
772 588 876 637 Tomitae
884 604 895 648 3

272 664 330 714 Haec
344 670 460 731 quoniam
476 664 546 716 tellus
563 664 710 715 testificanda
724 666 785 713 mihi
801 665 844 720 est.

237 738 279 789 Illi
293 756 350 802 me,
367 748 423 810 quia
431 743 494 793 velle
504 742 604 803 vident,
615 741 734 793 discedere
745 741 857 793 malunt:
869 738 872 743 ’

270 820 384 885 Respesiu
395 825 493 886 cupiunt
503 820 544 875 hic
554 837 636 871 tamen
647 819 693 869 effe
704 823 749 871 sui.
917 887 919 890 Ι
958 850 1003 882 ,00

236 894 290 945 Nec
301 900 367 962 mihil
374 898 517 950 credideris:
530 900 619 950 exstant
630 898 741 960 decreta,
752 900 838 966 quibus
848 916 892 949 nos
916 895 919 899 ⁸

269 973 380 1035 Laudat,
394 982 419 1026 δι
430 981 549 1027 immunes
559 978 657 1043 publica
668 995 720 1027 cera
730 977 798 1029 facit.

234 1049 389 1103 Conveniens
400 1057 490 1105 miseris
500 1059 550 1105 hec
561 1072 708 1123 quamquam
718 1055 796 1121 gloria
809 1072 858 1106 non
869 1057 919 1116 est,

267 1131 379 1183 Proxima
390 1132 449 1184 dant
459 1136 529 1184 nobis
543 1132 633 1200 oppida
645 1151 733 1184 munus
744 1132 819 1183 idem.

232 1208 285 1259 Nec
295 1212 369 1275 pietas
379 1214 464 1277 ignora
474 1230 528 1267 mea
538 1213 570 1262 est
582 1232 588 1261 ι
600 1211 667 1263 videt
678 1215 772 1279 hospita
782 1213 854 1263 tellus
955 1252 980 1287 ,Ο

265 1288 293 1337 In
303 1290 383 1339 nostrai
394 1294 485 1340 sacrum
501 1290 600 1341 Caesaris
611 1288 658 1339 effe
668 1289 754 1340 domo.

228 1367 299 1417 Stant
310 1372 397 1433 pariter
406 1384 521 1435 natusque
532 1371 599 1433 pius,
612 1372 748 1435 conjuxque
758 1366 882 1424 sacerdos,

262 1445 370 1495 Numina
379 1450 428 1512 iam
441 1446 504 1498 fasir>
515 1462 564 1495 non
576 1445 667 1495 leviora
675 1441 741 1495 Deo.

228 1522 284 1573 Neu
296 1523 357 1574 derit
366 1542 417 1591 pars
427 1516 476 1573 uila
487 1522 590 1582 domtis3
601 1523 646 1572 stat
655 1539 754 1590 uterque
764 1540 881 1591 nepotum
889 1525 910 1585 3⁹

260 1602 308 1651 Hic
318 1606 375 1653 avia
387 1604 456 1653 lateri
468 1604 603 1667 proximus,
615 1602 657 1652 iile
672 1606 754 1668 patris.
774 1633 775 1636 =
949 1626 994 1660 110

226 1678 271 1731 His
282 1697 327 1747 ego
338 1680 371 1731 do
382 1684 452 1731 toties
464 1697 519 1730 cum
531 1695 583 1730 ture
592 1684 713 1745 precantia
723 1682 810 1744 rerba,

258 1760 312 1808 Eoo
326 1763 420 1826 quoties
432 1763 506 1825 surgit
516 1761 546 1811 ab
562 1760 620 1809 orbe
634 1757 694 1809 dies.

225 1838 305 1897 Tota,
319 1839 376 1888 licet
391 1856 496 1905 quaras,
512 1840 559 1887 hoc
575 1856 614 1887 me
632 1855 683 1887 non
698 1837 788 1905 fingere
805 1837 886 1901 dicet,

257 1914 339 1964 Officii
354 1917 436 1975 restis,
454 1916 553 1965 Pontica
568 1929 642 1968 terra,
660 1918 717 1963 mei.

223 1994 374 2063 Ponticame
386 1993 473 2051 tellus,
485 1995 579 2057 quantis
592 1994 636 2041 hac
647 1990 770 2057 possumus
784 1994 827 2044 ord

254 2072 368 2123 Natalem
379 2069 441 2120 ludis
458 2072 502 2119 scir
514 2067 632 2119 celebrare
646 2070 704 2119 Dei.

180 2148 183 2161 ”
221 2152 275 2203 Nec
289 2150 368 2201 mimis
385 2150 519 2214 hospitibus
535 2151 609 2213 pietas
626 2149 659 2197 cst
677 2152 774 2213 cognita
788 2139 859 2211 taiis,
896 2146 900 2154 '

254 2232 324 2281 Misit
338 2231 364 2278 in
376 2230 418 2278 har
433 2231 452 2277 si
467 2244 527 2294 quos
542 2226 615 2291 longa
629 2226 757 2291 Propontis
771 2244 852 2293 aquas.

220 2307 243 2358 Is
253 2324 364 2375 quoque,
379 2324 429 2373 quo
445 2307 516 2355 laevus
529 2304 606 2355 fuerat
621 2305 664 2354 sub
680 2303 781 2355 Praside
795 2308 899 2362 Pontus,

251 2384 361 2437 Audierit
372 2386 446 2435 frater
464 2384 564 2435 forsitan
579 2384 622 2432 iiia
640 2383 704 2433 tuus.
748 2380 753 2393 ’
866 2440 870 2447 Ι
939 2418 987 2455 120

218 2466 324 2515 Fortuna
334 2465 366 2513 est
376 2468 452 2528 impar
463 2466 559 2524 animo,
571 2462 661 2529 talique
673 2463 774 2512 libenter

250 2538 353 2603 Exiguae
366 2556 438 2603 carpo
450 2556 548 2588 munere
563 2556 652 2604 pauper
671 2558 739 2604 opes.

153 2622 158 2627 ’
216 2614 270 2669 Nec
284 2616 367 2666 vestris
378 2614 461 2663 damus
477 2616 527 2663 haec
538 2616 632 2675 oculis,
648 2618 733 2680 procul
747 2618 813 2670 Urbe
827 2624 933 2683 remori5

251 2690 370 2743 Contenti
383 2692 457 2742 taciti
475 2688 515 2741 sed
530 2688 618 2756 pie³tate
633 2694 722 2740 sumus.

215 2772 248 2827 Et
256 2787 337 2822 tamen
347 2774 397 2821 haec
406 2785 503 2835 tangent
511 2768 641 2837 aliquando
650 2770 750 2821 Caesaris
758 2790 834 2825 auter.
845 2798 849 2802 ·
936 2802 979 2854 ¹²5

248 2848 292 2901 Nil
302 2849 355 2909 illi,
371 2865 424 2899 toto
436 2847 502 2915 quod
514 2848 541 2899 fit
552 2852 577 2899 in
587 2850 661 2907 orbe,
674 2849 741 2899 latet.

207 2930 256 2981 'Tu
267 2927 330 2977 certi
342 2929 385 2977 scis
399 2930 445 2977 hoc
457 2930 550 2993 Superis
565 2925 672 2989 adscite,
687 2927 819 2999 ridesque,

247 3005 342 3065 Cacsar,
355 3020 382 3055 ut
392 3006 424 3055 est
438 3006 515 3055 oculis
531 3005 626 3057 subdita
643 3023 704 3058 terra
717 3012 774 3059 tuis.

213 3084 253 3137 Tu
268 3084 357 3138 nostrat
370 3082 437 3137 audis
449 3086 512 3136 inter
529 3100 637 3140 convexa
652 3086 746 3138 locatus

747 3168 820 3239 Qu

984 1258 996 1307 5

834 2030 844 2056 ²
943 2032 988 2081 ¹¹5
