2325 3959
286 381 353 444 προ
407 355 451 426 P.
483 355 861 424 orrnrr-anours

280 481 339 542 Quo
348 478 429 532 videar
440 481 550 544 quamvis
560 476 663 526 nimium
670 475 807 543 juveniliter
816 477 889 535 usus,

313 555 409 608 Grande
420 572 501 606 tamen
508 570 563 606 toto
573 572 664 606 nomen
674 557 704 604 ab
714 555 774 604 orbe
784 554 846 604 fero.

280 637 408 700 Turbaque
425 633 552 684 domorum
562 633 685 684 Nasonem
694 635 777 688 novit,
789 635 815 681 bt
825 629 899 682 audet

232 733 242 764 r
252 735 279 766 20
312 713 370 762 Non
378 711 487 762 fastiditis
498 727 653 762 annumerare
662 714 728 762 viris.

278 791 378 842 Corruit
388 795 438 842 hac
447 794 521 856 igitur
531 792 610 840 Mutis
620 803 717 855 accepts
727 822 737 844 ,
754 790 800 838 sub
809 805 859 838 uuo
865 821 876 849 ,

310 866 357 919 Sed
362 871 413 918 non
424 872 527 934 exiguo,
536 870 639 916 erimine
649 867 714 931 lapsa
724 865 820 916 murus.

276 947 354 1012 Atque
364 964 392 996 ea
406 951 439 996 sic
454 947 517 1010 lapsa
527 947 574 1004 esi,
590 960 618 995 ut
628 947 738 1009 surgere,
751 948 772 994 si
790 943 867 996 modo
882 944 932 994 laesi

308 1023 469 1070 Ematuruerit
481 1021 581 1070 Caesaris
594 1023 642 1074 ira.
653 1035 733 1086 queat.
885 1075 889 1082 ‚

228 1099 350 1167 125Cujus
365 1103 391 1148 in
405 1114 491 1148 eventu
502 1113 578 1162 prenae
589 1097 718 1146 clementia
726 1111 796 1146 unta
805 1097 838 1146 est
849 1133 858 1158 ,

306 1177 341 1226 Ut
350 1176 421 1225 suerit
431 1176 511 1225 nostro
523 1176 600 1224 lenior
609 1175 653 1224 illa
662 1190 738 1225 metu.

273 1255 331 1304 Vita
341 1251 396 1303 data
407 1253 439 1304 est
451 1288 458 1312 ,
474 1257 580 1319 citraque
590 1269 674 1302 necem
686 1268 727 1302 tua
735 1253 841 1303 constitit
850 1257 884 1302 ira
896 1289 905 1315 ,

305 1333 342 1382 0!
355 1335 464 1398 Princeps
472 1332 541 1398 parci
553 1335 642 1384 viribus
653 1334 693 1381 use
705 1333 769 1382 tuis!

272 1409 368 1475 Insuper
378 1409 509 1471 accedunt,
522 1426 544 1460 te
555 1428 605 1470 npn
621 1410 759 1470 adimente,
774 1427 877 1475 paterno

225 1511 233 1541 ι
240 1512 269 1558 30
292 1489 437 1555 'Tamquam
448 1493 498 1538 vita
505 1505 589 1553 parum
598 1490 703 1537 muneris
714 1486 785 1546 effer,
797 1505 864 1552 opes.

270 1565 321 1615 Nec
334 1584 387 1616 mea
396 1566 493 1616 decreto
503 1566 619 1617 damnasti
629 1567 692 1615 fasta
705 1565 819 1617 Seuatris:

301 1645 353 1694 Nec
363 1662 416 1700 men
427 1645 511 1694 selesio
521 1643 602 1709 judice
616 1642 677 1709 julla
688 1644 744 1709 fuga
754 1643 795 1692 en„

268 1722 383 1772 Tristibus
394 1725 498 1773 inuesius
507 1723 599 1779 verbis,
611 1723 645 1770 its
659 1722 768 1786 Principe
778 1719 878 1786 dignum
890 1754 899 1780 ,

251 1832 253 1840 ι
301 1799 372 1850 Ultus
392 1817 415 1849 es
428 1798 546 1859 offensas,
561 1813 588 1848 ut
596 1797 682 1859 decet,
697 1801 748 1864 ipse
758 1815 818 1849 tuas.

220 1876 351 1943 135Adde,
363 1876 429 1944 quod
439 1877 560 1938 edistum,
576 1881 685 1944 quumvis
694 1881 800 1928 immane
810 1881 938 1944 minaxque
950 1913 960 1940 ,

297 1958 410 2009 Attamen
419 1959 445 2006 in
455 1971 531 2021 ptrnae
544 1959 643 2004 nomine
653 1955 707 2004 lene
718 1956 775 2005 fuit.

265 2033 359 2100 Quippe
375 2036 504 2100 relegatus,
521 2050 572 2082 non
583 2033 664 2091 exsul,
676 2031 745 2082 dicor
755 2038 780 2084 in
791 2034 837 2084 illo
850 2053 857 2083 s

296 2114 415 2180 Parcaque
427 2113 529 2162 fortuna
541 2113 595 2161 sunt
605 2109 660 2160 data
676 2112 748 2168 verba
759 2129 829 2162 meae.

261 2191 338 2241 Nulla
350 2190 449 2258 quidem
460 2193 516 2240 sano
525 2194 639 2255 gravior,
652 2194 787 2256 mentisque
798 2195 909 2256 potenti.

216 2289 260 2334 140
294 2271 367 2320 Perna
377 2272 423 2326 ess,
437 2269 512 2336 quim
522 2266 741 2333 tantodisplicuill‘e
750 2272 812 2317 viro.

261 2346 306 2397 Sed
317 2347 377 2396 solet
388 2345 508 2397 interdum
517 2345 567 2396 fieri
577 2345 695 2412 placabile
704 2361 794 2394 numen
804 2365 811 2395 r

293 2426 362 2474 Nube
372 2425 433 2474 solet
443 2424 511 2490 pulsi
521 2422 637 2474 candidus
646 2427 680 2472 ire
690 2421 750 2472 dies.

258 2501 316 2552 Vidi
331 2519 376 2566 ego
387 2505 517 2567 pampineis
527 2517 652 2552 oneratum
661 2503 750 2552 vitibus
760 2499 872 2557 ulmum,

291 2581 350 2640 Quae
361 2580 437 2630 suerat
447 2583 508 2630 savo
519 2579 620 2630 fulmine
630 2583 692 2630 tasio
703 2581 778 2630 lovis.

212 2655 309 2723 145lpse
318 2657 374 2707 licet
385 2659 476 2721 sperare
486 2673 549 2708 vetes
559 2691 567 2716 ,
578 2659 723 2722 sperabimus
734 2678 741 2708 r
753 2674 826 2725 atque

290 2735 343 2784 Hoc
361 2751 435 2783 unum
448 2733 514 2794 sieri,
530 2751 552 2785 te
564 2737 722 2800 prohibente,
737 2738 822 2802 potest.

257 2814 312 2879 Spes
326 2815 482 2878 mihimagna
493 2815 572 2873 subit,
585 2813 640 2862 cum
652 2829 694 2872 te,
707 2817 831 2864 mitissime
841 2816 951 2882 Princeps
958 2834 968 2876 5

288 2893 344 2956 Spes
354 2893 431 2947 mihi,
449 2893 549 2956 respicio
562 2891 618 2940 cum
630 2907 684 2940 mea
698 2891 764 2953 fata,
780 2892 854 2942 cadit.

256 2969 290 3017 Ac
303 2968 378 3018 veluti
394 2972 470 3018 ventis
480 2971 624 3034 agitantibus
631 2985 727 3034 aequota
738 2986 788 3020 uon
799 2971 832 3021 est

210 3075 254 3130 ¹50
288 3045 396 3112 AEqualis
407 3047 499 3110 rabies,
511 3050 686 3113 continuusque
696 3046 780 3109 furor,
