2325 3959
217 422 219 426 -
321 395 390 460 240
438 370 481 437 P.
519 370 677 437 Orrorr
713 368 908 433 NAs'orurs

333 502 1021 576 ‹e-——Qssess--aeo

498 622 752 685 ELEGIA
792 620 832 680 V.

320 714 386 835 Ο
398 786 405 835 !
426 802 490 837 urm
501 784 600 835 dilectos
610 788 671 835 inter
683 786 731 833 sors
740 784 816 849 prima
824 777 933 836 sodales,

346 864 425 913 Unica
435 864 536 912 fortunis
547 880 587 913 ara
597 878 688 927 reperta
698 863 756 910 meir
766 878 773 909 r

314 940 391 1006 Cujus
400 942 430 989 ab
439 942 551 1005 alloquiis
561 944 642 990 anima
653 942 702 989 haec
715 935 860 987 moribunda
872 936 961 986 revixit
974 967 985 996 ,

345 1020 381 1069 Ut
389 1019 447 1083 vigil
457 1055 465 1074 .
475 1017 554 1067 infusi
564 1016 677 1077 Pallade,
690 1016 788 1065 flamma
799 1015 873 1065 solet:

282 1111 293 1156 ς
313 1095 360 1156 Qui
370 1099 458 1145 veritus
468 1112 547 1143 nones
556 1111 638 1159 portur
649 1098 738 1159 aperire
750 1092 847 1154 fideles,

344 1170 454 1219 fulmine
467 1168 578 1234 percuffae
587 1172 775 1234 confugiumque
786 1171 846 1216 rati:

310 1248 388 1315 Cujus
398 1266 462 1299 eram
473 1252 543 1299 censu
553 1267 603 1298 non
614 1266 652 1298 me
665 1251 771 1298 sensurus
782 1262 909 1313 egentem,

342 1329 367 1377 Si
377 1325 457 1378 Casae
467 1330 554 1392 patriae
565 1323 684 1391 eripuiffet
695 1342 751 1391 opes
763 1344 769 1373 e

310 1404 437 1469 Temporis
447 1403 552 1453 oblitum
561 1401 620 1453 dum
631 1420 669 1453 me
681 1407 741 1469 rapit
752 1407 855 1468 impetus
865 1403 955 1465 hujus,

169 1509 174 1519 ‹
263 1490 293 1526 ¹0
341 1480 437 1531 Excidit
454 1483 514 1530 heu!
529 1498 620 1531 nornen
628 1480 702 1549 quim
714 1479 945 1546 mihipaenetuum!

308 1562 345 1609 Te
353 1574 433 1611 tamen
440 1561 548 1624 agnoscis
557 1578 563 1609 e
573 1562 706 1625 trastusque
717 1556 828 1624 cupidine
837 1556 913 1605 laudis
925 1591 934 1615 ‚

339 1638 383 1687 llle
398 1654 443 1703 ego
451 1640 519 1697 firm,
530 1654 626 1701 cuperes
637 1635 715 1687 ditere
723 1633 788 1702 poffe
800 1636 889 1702 palam.

307 1714 380 1765 Certe
391 1731 451 1780 ego,
462 1719 481 1763 si
490 1718 594 1769 sineres,
613 1712 710 1764 titulum
721 1717 765 1765 ribi
777 1712 873 1765 reddere
883 1712 995 1767 vellem,

339 1793 370 1842 Et
381 1810 456 1841 raram
468 1794 546 1842 Fame
556 1794 686 1843 conciliare
700 1792 782 1843 fidem.

259 1881 285 1930 Π
306 1870 343 1921 Ne
352 1887 453 1920 noceam
463 1885 548 1934 grato,
562 1888 662 1931 vereor,
675 1872 718 1920 tibi
727 1873 831 1921 carmine
841 1887 849 1929 3
859 1884 921 1917 neve

337 1948 516 2013 Intempestivos
526 1952 631 1998 nominis
643 1950 720 1999 obstet
730 1953 815 1999 honos.

304 2024 377 2086 Quod
389 2026 478 2077 licet&
492 2042 570 2076 tutum
581 2028 629 2088 est,
641 2031 703 2077 intra
714 2045 754 2078 tua
765 2030 877 2093 petiora,
889 2024 972 2091 gaude
983 2062 992 2087 ,

334 2104 424 2169 Meque
432 2108 466 2154 tui
475 2122 607 2155 memorem
616 2100 705 2172 ‚teque
717 2104 785 2155 fuisse
795 2109 851 2155 mei.

301 2179 384 2245 thue
395 2181 469 2240 facis«,
480 2186 551 2231 remis
563 2181 593 2233 ad
603 2200 674 2248 opem
687 2184 773 2233 luttere
783 2180 923 2243 ferendam,

255 2264 285 2299 20
334 2256 400 2306 Dum
411 2263 491 2307 veniat
500 2258 598 2325 placido
609 2261 709 2311 mollior
717 2278 772 2310 aura
783 2262 849 2311 Deor

301 2334 333 2385 Et
342 2351 418 2385 tutare
429 2352 499 2400 caput
510 2337 570 2385 nulli
579 2338 692 2389 servabile
702 2374 709 2398 ‚
720 2343 738 2388 si
750 2356 799 2389 non

333 2412 381 2472 Qui
390 2414 560 2477 mersitStygii
570 2449 577 2471 ,
591 2416 696 2465 sublevet
705 2416 782 2473 illud,
794 2418 864 2483 aqui.

300 2489 400 2554 Teque,
413 2487 479 2554 quod
490 2491 522 2539 est
530 2507 626 2550 rarum,
640 2495 721 2557 presta
730 2496 862 2547 constanter
872 2495 902 2545 ad
913 2515 994 2549 omne

331 2564 483 2616 Indeclinatae
492 2584 577 2617 munus
588 2573 708 2621 amicitie.

251 2648 279 2695 ²5
299 2646 336 2693 Sic
348 2659 388 2695 tua
397 2640 515 2709 proceffus
526 2647 612 2697 babeat
621 2649 725 2699 Fortuna
736 2668 861 2715 perennes:

330 2724 368 2772 Sic
378 2739 424 2788 ope
435 2736 485 2772 non
495 2740 562 2788 egeas
572 2728 639 2796 ipse,
651 2732 763 2794 juvetque
776 2745 839 2780 tuos.

296 2802 335 2849 Sic
345 2816 423 2865 :quet
434 2816 473 2858 tua
482 2817 558 2866 nupta
567 2808 645 2853 virum
659 2807 766 2856 bonitate
776 2814 887 2873 perenni3

328 2878 421 2927 incidat
428 2884 453 2927 δι
463 2880 539 2930 vestro
549 2899 600 2930 rata
608 2884 703 2948 querela
710 2900 773 2937 toro.

296 2956 421 3020 Diligat&
433 2958 523 3021 semper
534 2960 610 3008 socius
622 2975 644 3008 te
657 2962 774 3025 sanguinis
783 2964 845 3028 illo,

250 3046 280 3090 3⁰
329 3034 384 3095 Quo
397 3038 449 3099 pius
456 3033 541 3087 affectu
551 3035 651 3088 Castora
659 3038 730 3089 frater
738 3060 811 3095 amat.

1065 2424 1067 2523 i
