2325 3959
254 399 320 445 212
394 363 437 449 P.
466 381 620 449 Orruit
638 385 835 454 Nasonis

284 499 370 549 Dicere
381 517 441 567 quos
451 504 522 567 cupio
535 507 634 554 nomine
645 523 765 573 quemque
777 509 828 557 suo.

203 584 232 638 65
253 574 298 626 Sed
316 579 389 628 timor
401 577 510 629 officium
520 597 602 631 cautus
612 587 758 648 compescit,
767 590 792 636 δι
805 588 869 651 ipsos

285 651 313 698 ln
327 652 408 700 nolito
425 657 483 717 poni
501 659 606 705 carmine
617 658 683 706 nolle
694 675 763 723 puto.

251 726 313 774 Ante
327 726 463 787 volebatis,
483 734 591 796 gratique
605 747 655 780 erat
666 734 737 782 instar
747 738 864 796 honoris,

285 803 396 854 Versibus
406 810 431 854 in
442 808 525 856 uostris
539 814 639 859 nomina
649 811 724 860 vestra
735 813 792 878 legi.

253 879 327 941 Quod
337 887 452 949 quoniam
463 885 495 933 est
503 902 587 950 anceps
597 891 674 949 ,intra
681 906 736 938 mea
744 893 840 954 pestora
847 907 973 959 quemque

205 976 237 1021 70
286 961 418 1027 Alloquat:
430 966 454 1013 δι
464 963 525 1012 nulli
537 967 607 1015 causa
618 968 711 1016 timoris
720 984 771 1016 ero.

253 1037 304 1089 Nec
321 1057 388 1090 meus
402 1039 493 1091 indicio
504 1041 624 1092 latitantes
633 1045 713 1095 versus
723 1047 816 1094 amicos

286 1120 411 1169 Protrahet
419 1137 425 1167 ι
434 1117 528 1168 occulti
539 1121 558 1168 si
566 1122 619 1185 quis
629 1124 719 1172 amavit
730 1156 739 1181 ,
756 1138 830 1186 ames.
895 1169 897 1172 Α
998 1157 1012 1168 e

253 1199 315 1248 Scite
333 1211 426 1251 tamen,
444 1199 553 1262 quamvis
566 1195 641 1262 longi
649 1200 747 1262 regione
760 1214 870 1248 remotus

287 1277 370 1325 Absim
383 1310 391 1335 ,
410 1291 453 1324 vus
464 1277 545 1324 animo
555 1276 647 1340 semper
660 1271 738 1324 adesse
752 1292 817 1324 meo.

129 1407 140 1421 ,
206 1366 234 1412 75
257 1355 301 1414 Et,
320 1352 394 1420 quim
405 1355 504 1420 quisque
515 1352 607 1418 potest,
619 1351 700 1418 aliqud
711 1353 775 1403 mala
785 1353 864 1404 nostra
874 1354 970 1408 levaret

124 1425 129 1430 ’
287 1431 371 1482 fidam
381 1432 486 1497 projecto
497 1447 557 1482 neve
568 1446 654 1497 negate
664 1447 772 1480 manum.

255 1516 368 1579 Prospera
382 1515 415 1560 sic
425 1512 493 1562 vobis
504 1526 601 1563 maneat
613 1513 718 1561 fortuna
729 1530 736 1560 s
748 1526 793 1560 nec
804 1524 921 1576 umquam

291 1590 404 1642 Contasii
413 1587 487 1638 simili
496 1590 655 1654 sorterogetis
664 1605 746 1654 opem.

277 1716 956 1804 ‹ss—Qfflfflssv

448 1862 692 1926 ELEGIA
730 1867 772 1930 V.

261 1963 347 2088 Ut
357 2045 397 2082 us
414 2029 524 2079 amicitie
539 2043 618 2078 tecum
633 2028 693 2077 mihi
702 2042 788 2092 parvus
796 2061 806 2088 ,
820 2041 848 2078 ut
865 2025 936 2083 illam

290 2109 348 2160 Non
363 2107 423 2174 agre
433 2105 509 2174 polles
523 2104 692 2168 dissimulare,
710 2105 777 2166 suits

258 2191 291 2240 Ni
306 2206 345 2238 me
356 2185 595 2252 complexuslvinclis
605 2185 755 2256 propioribus
767 2178 843 2246 effes,

290 2267 357 2318 Nave
373 2265 427 2314 med
439 2278 512 2314 vento
523 2260 604 2311 forsan
614 2278 684 2312 eunte
696 2262 748 2312 suo.

229 2360 239 2408 5
259 2345 294 2394 Ut
314 2341 410 2402 cecidi,
429 2343 553 2405 cunslique
565 2354 631 2389 metu
647 2339 728 2404 fugire
740 2341 831 2401 ruinae,

260 2457 265 2462 ,
292 2421 412 2485 Versaque
423 2420 533 2466 amicitie
546 2431 610 2482 terga
624 2415 709 2466 dcdire
720 2434 795 2476 meaet

259 2499 334 2549 Ausus
345 2515 367 2546 es
380 2500 434 2561 igne
444 2495 508 2544 lovis
520 2492 654 2559 percussum
665 2508 760 2559 tangere
772 2512 873 2560 corpus,

292 2578 323 2627 Et
335 2575 463 2640 deplorata
473 2573 547 2622 limen
558 2570 623 2621 adire
636 2570 731 2621 domsts.

262 2641 337 2721 quue
350 2667 429 2702 recens
442 2651 549 2716 praestas,
569 2667 612 2699 nec
625 2649 700 2714 longo
715 2654 825 2714 cognitus
842 2652 902 2713 usu,

214 2730 244 2764 ¹⁰
292 2728 366 2793 Quod
377 2745 483 2780 veterum
497 2729 583 2778 misero
597 2731 637 2777 vix
652 2726 701 2776 duo
718 2741 792 2777 tresve
805 2731 875 2778 mihi.

260 2809 317 2860 Vidi
332 2825 377 2874 ego
388 2807 499 2856 confusos
509 2806 604 2865 vultus,
617 2807 726 2871 visosque
737 2809 820 2855 notavi
832 2824 840 2865 3

293 2886 373 2953 Osque
390 2883 488 2934 madens
498 2883 570 2944 fletu,
584 2883 743 2949 pallidiusque
753 2901 809 2933 meo
821 2903 828 2932 s

222 2965 225 2974 ¹
260 2965 291 3015 Et
308 2964 415 3013 lacrimas
426 2979 521 3011 cernens
536 2965 560 3011 in
572 2962 665 3027 singula
675 2963 747 3010 verba
758 2960 889 3025 cadentes,

257 3024 261 3032 ¹
293 3042 341 3090 Ore
357 3057 412 3090 meo
428 3040 563 3101 lacrymas,
580 3042 674 3088 auribus
685 3038 726 3087 illa
737 3040 803 3088 bibi:

216 3117 243 3172 ¹5
262 3121 407 3188 Brachiaquc
424 3122 502 3186 accepi
514 3118 596 3169 mallo
607 3115 735 3184 pendentia
748 3116 831 3175 collo,
