<?xml version="1.0" encoding="UTF-8"?>
<!DOCTYPE html PUBLIC "-//W3C//DTD XHTML 1.0 Transitional//EN"
    "http://www.w3.org/TR/xhtml1/DTD/xhtml1-transitional.dtd">
<html xmlns="http://www.w3.org/1999/xhtml" xml:lang="en" lang="en">
 <head>
  <title>
</title>
<meta http-equiv="Content-Type" content="text/html;charset=utf-8" />
  <meta name='ocr-system' content='tesseract 3.04.00' />
  <meta name='ocr-capabilities' content='ocr_page ocr_carea ocr_par ocr_line ocrx_word'/>
</head>
<body>
  <div class='ocr_page' id='page_1' title='image "./povidiinasoniso02ovidgoog_0051.png"; bbox 0 0 2325 3959; ppageno 0'>
   <div class='ocr_carea' id='block_1_1' title="bbox 207 365 830 487">
    <p class='ocr_par' dir='ltr' id='par_1_1' title="bbox 207 365 830 487">
     <span class='ocr_line' id='line_1_1' title="bbox 207 365 830 487; baseline -0.005 -30"><span class='ocrx_word' id='word_1_1' title='bbox 207 365 630 487; x_wconf 13' lang='lat' dir='ltr'>Fnsnoaurtvzrn.</span> <span class='ocrx_word' id='word_1_2' title='bbox 655 385 712 455; x_wconf 82' lang='lat'>11.</span> <span class='ocrx_word' id='word_1_3' title='bbox 783 411 830 476; x_wconf 79' lang='lat'>47</span> 
     </span>
    </p>
   </div>
   <div class='ocr_carea' id='block_1_2' title="bbox 97 506 940 3159">
    <p class='ocr_par' dir='ltr' id='par_1_2' title="bbox 97 506 940 3159">
     <span class='ocr_line' id='line_1_2' title="bbox 150 506 588 575; baseline -0.005 -16"><span class='ocrx_word' id='word_1_4' title='bbox 150 507 179 559; x_wconf 76' lang='lat' dir='ltr'>Et</span> <span class='ocrx_word' id='word_1_5' title='bbox 191 508 266 575; x_wconf 79' lang='lat' dir='ltr'>primi</span> <span class='ocrx_word' id='word_1_6' title='bbox 279 508 338 558; x_wconf 80' lang='lat' dir='ltr'>felix</span> <span class='ocrx_word' id='word_1_7' title='bbox 349 510 412 557; x_wconf 90' lang='lat' dir='ltr'>sorte</span> <span class='ocrx_word' id='word_1_8' title='bbox 426 506 520 557; x_wconf 87' lang='lat' dir='ltr'>futurus</span> <span class='ocrx_word' id='word_1_9' title='bbox 529 522 588 571; x_wconf 69' lang='lat' dir='ltr'>erat.</span> 
     </span>
     <span class='ocr_line' id='line_1_3' title="bbox 118 576 565 655; baseline -0.009 -16"><span class='ocrx_word' id='word_1_10' title='bbox 118 576 153 639; x_wconf 84' lang='lat' dir='ltr'>Ut</span> <span class='ocrx_word' id='word_1_11' title='bbox 163 592 238 655; x_wconf 78' lang='lat' dir='ltr'>tetigit</span> <span class='ocrx_word' id='word_1_12' title='bbox 247 588 309 638; x_wconf 83' lang='lat' dir='ltr'>fulvi</span> <span class='ocrx_word' id='word_1_13' title='bbox 320 589 374 637; x_wconf 85' lang='lat' dir='ltr'>setis</span> <span class='ocrx_word' id='word_1_14' title='bbox 386 588 476 636; x_wconf 82' lang='lat' dir='ltr'>hirsuta</span> <span class='ocrx_word' id='word_1_15' title='bbox 488 586 565 636; x_wconf 84' lang='lat' dir='ltr'>leonis</span> 
     </span>
     <span class='ocr_line' id='line_1_4' title="bbox 152 664 881 731; baseline 0.004 -15"><span class='ocrx_word' id='word_1_16' title='bbox 152 667 262 727; x_wconf 84' lang='lat' dir='ltr'>Vellera,</span> <span class='ocrx_word' id='word_1_17' title='bbox 279 668 427 731; x_wconf 79' lang='lat' dir='ltr'>pertimuit,</span> <span class='ocrx_word' id='word_1_18' title='bbox 442 664 598 731; x_wconf 85' lang='lat' dir='ltr'>sustinuitque</span> <span class='ocrx_word' id='word_1_19' title='bbox 607 678 723 725; x_wconf 66' lang='lat' dir='ltr'>manum</span> <span class='ocrx_word' id='word_1_20' title='bbox 835 667 881 719; x_wconf 66' lang='lat'>3⁴0</span> 
     </span>
     <span class='ocr_line' id='line_1_5' title="bbox 97 741 659 811; baseline -0.005 -15"><span class='ocrx_word' id='word_1_21' title='bbox 97 770 101 779; x_wconf 87' lang='lat'><strong>·</strong></span> <span class='ocrx_word' id='word_1_22' title='bbox 120 746 284 811; x_wconf 76' lang='lat' dir='ltr'>Attonitusque</span> <span class='ocrx_word' id='word_1_23' title='bbox 295 758 362 793; x_wconf 90' lang='lat' dir='ltr'>metu</span> <span class='ocrx_word' id='word_1_24' title='bbox 371 741 443 792; x_wconf 89' lang='lat' dir='ltr'>rediit</span> <span class='ocrx_word' id='word_1_25' title='bbox 455 761 461 791; x_wconf 79' lang='lat' dir='ltr'>t</span> <span class='ocrx_word' id='word_1_26' title='bbox 473 758 500 791; x_wconf 92' lang='lat' dir='ltr'>ut</span> <span class='ocrx_word' id='word_1_27' title='bbox 509 744 569 808; x_wconf 74' lang='lat' dir='ltr'>sape</span> <span class='ocrx_word' id='word_1_28' title='bbox 580 746 659 793; x_wconf 88' lang='lat' dir='ltr'>viator</span> 
     </span>
     <span class='ocr_line' id='line_1_6' title="bbox 153 819 636 886; baseline -0.002 -15"><span class='ocrx_word' id='word_1_29' title='bbox 153 822 282 871; x_wconf 86' lang='lat' dir='ltr'>Turbatum</span> <span class='ocrx_word' id='word_1_30' title='bbox 289 822 341 871; x_wconf 83' lang='lat' dir='ltr'>viso</span> <span class='ocrx_word' id='word_1_31' title='bbox 350 820 443 870; x_wconf 88' lang='lat' dir='ltr'>rettulit</span> <span class='ocrx_word' id='word_1_32' title='bbox 453 836 529 886; x_wconf 84' lang='lat' dir='ltr'>angue</span> <span class='ocrx_word' id='word_1_33' title='bbox 540 819 636 885; x_wconf 85' lang='lat' dir='ltr'>pedem.</span> 
     </span>
     <span class='ocr_line' id='line_1_7' title="bbox 121 898 699 966; baseline 0.002 -17"><span class='ocrx_word' id='word_1_34' title='bbox 121 898 247 959; x_wconf 71' lang='lat' dir='ltr'>indecori,</span> <span class='ocrx_word' id='word_1_35' title='bbox 257 900 298 966; x_wconf 90' lang='lat' dir='ltr'>qui</span> <span class='ocrx_word' id='word_1_36' title='bbox 307 902 399 965; x_wconf 65' lang='lat' dir='ltr'>junctus</span> <span class='ocrx_word' id='word_1_37' title='bbox 410 914 476 961; x_wconf 86' lang='lat' dir='ltr'>crat,</span> <span class='ocrx_word' id='word_1_38' title='bbox 488 900 610 951; x_wconf 82' lang='lat' dir='ltr'>velamina</span> <span class='ocrx_word' id='word_1_39' title='bbox 621 902 699 966; x_wconf 82' lang='lat' dir='ltr'>tangit</span> 
     </span>
     <span class='ocr_line' id='line_1_8' title="bbox 152 974 636 1045; baseline 0.004 -18"><span class='ocrx_word' id='word_1_40' title='bbox 152 976 252 1039; x_wconf 89' lang='lat' dir='ltr'>Mollia,</span> <span class='ocrx_word' id='word_1_41' title='bbox 264 975 375 1028; x_wconf 82' lang='lat' dir='ltr'>mendaci</span> <span class='ocrx_word' id='word_1_42' title='bbox 385 976 551 1045; x_wconf 82' lang='lat' dir='ltr'>decipiturque</span> <span class='ocrx_word' id='word_1_43' title='bbox 561 974 636 1029; x_wconf 54' lang='lat' dir='ltr'>&#39;norb</span> 
     </span>
     <span class='ocr_line' id='line_1_9' title="bbox 119 1054 901 1127; baseline -0.001 -20"><span class='ocrx_word' id='word_1_44' title='bbox 119 1054 244 1117; x_wconf 69' lang='lat' dir='ltr'>Ascendit,</span> <span class='ocrx_word' id='word_1_45' title='bbox 261 1054 401 1123; x_wconf 81' lang='lat' dir='ltr'>spondique</span> <span class='ocrx_word' id='word_1_46' title='bbox 415 1058 459 1106; x_wconf 82' lang='lat' dir='ltr'>sibi</span> <span class='ocrx_word' id='word_1_47' title='bbox 471 1060 583 1123; x_wconf 85' lang='lat' dir='ltr'>propiore</span> <span class='ocrx_word' id='word_1_48' title='bbox 596 1058 734 1115; x_wconf 61' lang='lat' dir='ltr'>recumbite</span> <span class='ocrx_word' id='word_1_49' title='bbox 837 1060 879 1106; x_wconf 78' lang='lat' dir='ltr'>ili</span> <span class='ocrx_word' id='word_1_50' title='bbox 896 1117 901 1127; x_wconf 38' lang='grc' dir='ltr'><strong><em>Ι</em></strong></span> 
     </span>
     <span class='ocr_line' id='line_1_10' title="bbox 152 1134 940 1201; baseline 0.001 -16"><span class='ocrx_word' id='word_1_51' title='bbox 152 1136 181 1185; x_wconf 88' lang='lat' dir='ltr'>Et</span> <span class='ocrx_word' id='word_1_52' title='bbox 195 1134 274 1201; x_wconf 85' lang='lat' dir='ltr'>rigido</span> <span class='ocrx_word' id='word_1_53' title='bbox 285 1150 360 1185; x_wconf 86' lang='lat' dir='ltr'>cornu</span> <span class='ocrx_word' id='word_1_54' title='bbox 371 1134 453 1185; x_wconf 80' lang='lat' dir='ltr'>durius</span> <span class='ocrx_word' id='word_1_55' title='bbox 461 1138 550 1201; x_wconf 81' lang='lat' dir='ltr'>inguen</span> <span class='ocrx_word' id='word_1_56' title='bbox 558 1151 618 1186; x_wconf 90' lang='lat' dir='ltr'>erat.</span> <span class='ocrx_word' id='word_1_57' title='bbox 937 1138 940 1142; x_wconf 85' lang='grc'><strong>’</strong></span> 
     </span>
     <span class='ocr_line' id='line_1_11' title="bbox 120 1212 604 1264; baseline -0.002 0"><span class='ocrx_word' id='word_1_58' title='bbox 120 1214 209 1264; x_wconf 76' lang='lat' dir='ltr'>luteres</span> <span class='ocrx_word' id='word_1_59' title='bbox 221 1216 312 1263; x_wconf 89' lang='lat' dir='ltr'>tunicas</span> <span class='ocrx_word' id='word_1_60' title='bbox 325 1212 368 1263; x_wconf 67' lang='lat' dir='ltr'>ori</span> <span class='ocrx_word' id='word_1_61' title='bbox 379 1212 489 1263; x_wconf 86' lang='lat' dir='ltr'>subducit</span> <span class='ocrx_word' id='word_1_62' title='bbox 500 1216 529 1263; x_wconf 85' lang='lat' dir='ltr'>ab</span> <span class='ocrx_word' id='word_1_63' title='bbox 539 1217 604 1263; x_wconf 80' lang='lat' dir='ltr'>ima:</span> 
     </span>
     <span class='ocr_line' id='line_1_12' title="bbox 152 1289 622 1357; baseline -0.002 -15"><span class='ocrx_word' id='word_1_64' title='bbox 152 1293 285 1343; x_wconf 81' lang='lat' dir='ltr'>Horrebant</span> <span class='ocrx_word' id='word_1_65' title='bbox 296 1289 374 1341; x_wconf 79' lang='lat' dir='ltr'>densis</span> <span class='ocrx_word' id='word_1_66' title='bbox 386 1293 467 1357; x_wconf 83' lang='lat' dir='ltr'>aspera</span> <span class='ocrx_word' id='word_1_67' title='bbox 478 1308 547 1341; x_wconf 88' lang='lat' dir='ltr'>crura</span> <span class='ocrx_word' id='word_1_68' title='bbox 557 1293 622 1357; x_wconf 86' lang='lat' dir='ltr'>pilis.</span> 
     </span>
     <span class='ocr_line' id='line_1_13' title="bbox 119 1370 689 1431; baseline -0.009 -8"><span class='ocrx_word' id='word_1_69' title='bbox 119 1372 206 1425; x_wconf 86' lang='lat' dir='ltr'>Cetera</span> <span class='ocrx_word' id='word_1_70' title='bbox 218 1384 354 1419; x_wconf 85' lang='lat' dir='ltr'>tentantem</span> <span class='ocrx_word' id='word_1_71' title='bbox 370 1370 453 1418; x_wconf 89' lang='lat' dir='ltr'>cubito</span> <span class='ocrx_word' id='word_1_72' title='bbox 464 1370 608 1431; x_wconf 83' lang='lat' dir='ltr'>Tirynthius</span> <span class='ocrx_word' id='word_1_73' title='bbox 618 1373 689 1421; x_wconf 81' lang='lat' dir='ltr'>heros</span> 
     </span>
     <span class='ocr_line' id='line_1_14' title="bbox 153 1443 885 1514; baseline 0.001 -16"><span class='ocrx_word' id='word_1_74' title='bbox 153 1447 283 1513; x_wconf 81' lang='lat' dir='ltr'>Reppulit:</span> <span class='ocrx_word' id='word_1_75' title='bbox 298 1462 310 1495; x_wconf 87' lang='lat' dir='ltr'>e</span> <span class='ocrx_word' id='word_1_76' title='bbox 321 1448 417 1495; x_wconf 86' lang='lat' dir='ltr'>summo</span> <span class='ocrx_word' id='word_1_77' title='bbox 430 1443 519 1495; x_wconf 89' lang='lat' dir='ltr'>decidit</span> <span class='ocrx_word' id='word_1_78' title='bbox 529 1446 572 1493; x_wconf 92' lang='lat' dir='ltr'>ille</span> <span class='ocrx_word' id='word_1_79' title='bbox 583 1461 649 1496; x_wconf 87' lang='lat' dir='ltr'>toro.</span> <span class='ocrx_word' id='word_1_80' title='bbox 840 1469 885 1514; x_wconf 74' lang='lat'>350</span> 
     </span>
     <span class='ocr_line' id='line_1_15' title="bbox 119 1524 740 1592; baseline 0 -15"><span class='ocrx_word' id='word_1_81' title='bbox 119 1529 159 1578; x_wconf 82' lang='lat' dir='ltr'>Fit</span> <span class='ocrx_word' id='word_1_82' title='bbox 169 1528 237 1575; x_wconf 90' lang='lat' dir='ltr'>sonus</span> <span class='ocrx_word' id='word_1_83' title='bbox 250 1544 256 1573; x_wconf 85' lang='lat' dir='ltr'>r</span> <span class='ocrx_word' id='word_1_84' title='bbox 268 1524 384 1574; x_wconf 85' lang='lat' dir='ltr'>inclamat</span> <span class='ocrx_word' id='word_1_85' title='bbox 397 1526 510 1585; x_wconf 80' lang='lat' dir='ltr'>comites,</span> <span class='ocrx_word' id='word_1_86' title='bbox 523 1528 548 1574; x_wconf 74' lang='lat' dir='ltr'>bt</span> <span class='ocrx_word' id='word_1_87' title='bbox 560 1524 652 1575; x_wconf 87' lang='lat' dir='ltr'>lumina</span> <span class='ocrx_word' id='word_1_88' title='bbox 663 1528 740 1592; x_wconf 84' lang='lat' dir='ltr'>poscit</span> 
     </span>
     <span class='ocr_line' id='line_1_16' title="bbox 153 1602 655 1669; baseline -0.002 -15"><span class='ocrx_word' id='word_1_89' title='bbox 153 1606 263 1654; x_wconf 73' lang='lat' dir='ltr'>Mennis.</span> <span class='ocrx_word' id='word_1_90' title='bbox 280 1602 356 1653; x_wconf 87' lang='lat' dir='ltr'>illatis</span> <span class='ocrx_word' id='word_1_91' title='bbox 371 1604 486 1667; x_wconf 84' lang='lat' dir='ltr'>ignibus,</span> <span class='ocrx_word' id='word_1_92' title='bbox 503 1605 655 1669; x_wconf 70' lang='lat' dir='ltr'>aciapatent.</span> 
     </span>
     <span class='ocr_line' id='line_1_17' title="bbox 119 1679 674 1749; baseline 0 -16"><span class='ocrx_word' id='word_1_93' title='bbox 119 1682 163 1733; x_wconf 87' lang='lat' dir='ltr'>Ille</span> <span class='ocrx_word' id='word_1_94' title='bbox 178 1685 253 1749; x_wconf 83' lang='lat' dir='ltr'>gemit</span> <span class='ocrx_word' id='word_1_95' title='bbox 263 1680 325 1731; x_wconf 70' lang='lat' dir='ltr'>ledio</span> <span class='ocrx_word' id='word_1_96' title='bbox 336 1684 440 1746; x_wconf 83' lang='lat' dir='ltr'>graviter</span> <span class='ocrx_word' id='word_1_97' title='bbox 450 1679 552 1749; x_wconf 66' lang='lat' dir='ltr'>dejectus</span> <span class='ocrx_word' id='word_1_98' title='bbox 564 1684 594 1731; x_wconf 86' lang='lat' dir='ltr'>ab</span> <span class='ocrx_word' id='word_1_99' title='bbox 603 1684 674 1745; x_wconf 81' lang='lat' dir='ltr'>alto,</span> 
     </span>
     <span class='ocr_line' id='line_1_18' title="bbox 151 1756 933 1831; baseline 0.001 -20"><span class='ocrx_word' id='word_1_100' title='bbox 151 1762 309 1827; x_wconf 77' lang='lat' dir='ltr'>Membraque</span> <span class='ocrx_word' id='word_1_101' title='bbox 321 1757 351 1809; x_wconf 91' lang='lat' dir='ltr'>de</span> <span class='ocrx_word' id='word_1_102' title='bbox 362 1756 422 1808; x_wconf 91' lang='lat' dir='ltr'>dura</span> <span class='ocrx_word' id='word_1_103' title='bbox 437 1762 477 1811; x_wconf 85' lang='lat' dir='ltr'>virt</span> <span class='ocrx_word' id='word_1_104' title='bbox 487 1762 527 1831; x_wconf 78' lang='lat' dir='ltr'>sua</span> <span class='ocrx_word' id='word_1_105' title='bbox 537 1758 605 1810; x_wconf 89' lang='lat' dir='ltr'>tollit</span> <span class='ocrx_word' id='word_1_106' title='bbox 615 1763 700 1811; x_wconf 87' lang='lat' dir='ltr'>humo.</span> <span class='ocrx_word' id='word_1_107' title='bbox 930 1802 933 1812; x_wconf 88' lang='lat'><em>.</em></span> 
     </span>
     <span class='ocr_line' id='line_1_19' title="bbox 117 1835 885 1919; baseline -0.003 -28"><span class='ocrx_word' id='word_1_108' title='bbox 117 1839 190 1891; x_wconf 85' lang='lat' dir='ltr'>Ridet</span> <span class='ocrx_word' id='word_1_109' title='bbox 207 1844 232 1890; x_wconf 73' lang='lat' dir='ltr'>ot</span> <span class='ocrx_word' id='word_1_110' title='bbox 245 1836 361 1895; x_wconf 82' lang='lat' dir='ltr'>Alcides,</span> <span class='ocrx_word' id='word_1_111' title='bbox 378 1840 402 1885; x_wconf 74' lang='lat' dir='ltr'>ic</span> <span class='ocrx_word' id='word_1_112' title='bbox 415 1839 456 1902; x_wconf 92' lang='lat' dir='ltr'>qui</span> <span class='ocrx_word' id='word_1_113' title='bbox 469 1835 550 1886; x_wconf 79' lang='lat' dir='ltr'>vidire</span> <span class='ocrx_word' id='word_1_114' title='bbox 561 1842 700 1904; x_wconf 67' lang='lat' dir='ltr'>iacentemt</span> <span class='ocrx_word' id='word_1_115' title='bbox 843 1871 885 1919; x_wconf 59' lang='grc' dir='ltr'><strong>Μ</strong></span> 
     </span>
     <span class='ocr_line' id='line_1_20' title="bbox 152 1912 639 1979; baseline -0.01 -10"><span class='ocrx_word' id='word_1_116' title='bbox 152 1918 225 1969; x_wconf 88' lang='lat' dir='ltr'>Ridet</span> <span class='ocrx_word' id='word_1_117' title='bbox 236 1931 370 1966; x_wconf 79' lang='lat' dir='ltr'>amatorem</span> <span class='ocrx_word' id='word_1_118' title='bbox 382 1912 452 1975; x_wconf 68' lang='lat' dir='ltr'>Lyda</span> <span class='ocrx_word' id='word_1_119' title='bbox 466 1914 546 1979; x_wconf 83' lang='lat' dir='ltr'>puella</span> <span class='ocrx_word' id='word_1_120' title='bbox 560 1918 639 1965; x_wconf 89' lang='lat' dir='ltr'>suum.</span> 
     </span>
     <span class='ocr_line' id='line_1_21' title="bbox 118 1990 655 2048; baseline -0.011 0"><span class='ocrx_word' id='word_1_121' title='bbox 118 1997 189 2048; x_wconf 78' lang='lat' dir='ltr'>veste</span> <span class='ocrx_word' id='word_1_122' title='bbox 201 1994 268 2043; x_wconf 84' lang='lat' dir='ltr'>Deus</span> <span class='ocrx_word' id='word_1_123' title='bbox 279 1994 343 2041; x_wconf 85' lang='lat' dir='ltr'>lusus</span> <span class='ocrx_word' id='word_1_124' title='bbox 356 1990 465 2039; x_wconf 84' lang='lat' dir='ltr'>fallentes</span> <span class='ocrx_word' id='word_1_125' title='bbox 477 1992 569 2041; x_wconf 87' lang='lat' dir='ltr'>lumina</span> <span class='ocrx_word' id='word_1_126' title='bbox 582 1995 655 2043; x_wconf 84' lang='lat' dir='ltr'>vestes</span> 
     </span>
     <span class='ocr_line' id='line_1_22' title="bbox 153 2066 795 2129; baseline -0.003 -6"><span class='ocrx_word' id='word_1_127' title='bbox 153 2074 213 2123; x_wconf 89' lang='lat' dir='ltr'>Non</span> <span class='ocrx_word' id='word_1_128' title='bbox 226 2086 309 2129; x_wconf 81' lang='lat' dir='ltr'>amat3</span> <span class='ocrx_word' id='word_1_129' title='bbox 322 2073 346 2118; x_wconf 79' lang='lat' dir='ltr'>bt</span> <span class='ocrx_word' id='word_1_130' title='bbox 357 2066 434 2117; x_wconf 87' lang='lat' dir='ltr'>nudos</span> <span class='ocrx_word' id='word_1_131' title='bbox 447 2068 479 2117; x_wconf 82' lang='lat' dir='ltr'>ad</span> <span class='ocrx_word' id='word_1_132' title='bbox 488 2070 528 2117; x_wconf 82' lang='lat' dir='ltr'>sua</span> <span class='ocrx_word' id='word_1_133' title='bbox 539 2072 604 2119; x_wconf 82' lang='lat' dir='ltr'>sacra</span> <span class='ocrx_word' id='word_1_134' title='bbox 613 2084 695 2121; x_wconf 87' lang='lat' dir='ltr'>vocat.</span> <span class='ocrx_word' id='word_1_135' title='bbox 792 2074 795 2081; x_wconf 85' lang='lat'><em>&#39;</em></span> 
     </span>
     <span class='ocr_line' id='line_1_23' title="bbox 105 2146 749 2215; baseline -0.005 -13"><span class='ocrx_word' id='word_1_136' title='bbox 105 2150 191 2204; x_wconf 64' lang='lat' dir='ltr'>adde</span> <span class='ocrx_word' id='word_1_137' title='bbox 202 2151 331 2215; x_wconf 74' lang='lat' dir='ltr'>peregrina</span> <span class='ocrx_word' id='word_1_138' title='bbox 348 2147 442 2205; x_wconf 86' lang='lat' dir='ltr'>causas,</span> <span class='ocrx_word' id='word_1_139' title='bbox 453 2160 508 2194; x_wconf 84' lang='lat' dir='ltr'>mea</span> <span class='ocrx_word' id='word_1_140' title='bbox 523 2146 612 2207; x_wconf 85' lang='lat' dir='ltr'>Musa,</span> <span class='ocrx_word' id='word_1_141' title='bbox 624 2148 749 2210; x_wconf 83' lang='lat' dir='ltr'>Latinam3</span> 
     </span>
     <span class='ocr_line' id='line_1_24' title="bbox 154 2222 670 2297; baseline -0.008 -18"><span class='ocrx_word' id='word_1_142' title='bbox 154 2232 229 2297; x_wconf 88' lang='lat' dir='ltr'>Inque</span> <span class='ocrx_word' id='word_1_143' title='bbox 243 2230 287 2277; x_wconf 89' lang='lat' dir='ltr'>suo</span> <span class='ocrx_word' id='word_1_144' title='bbox 301 2224 378 2276; x_wconf 86' lang='lat' dir='ltr'>noster</span> <span class='ocrx_word' id='word_1_145' title='bbox 389 2222 485 2290; x_wconf 83' lang='lat' dir='ltr'>pulvere</span> <span class='ocrx_word' id='word_1_146' title='bbox 497 2238 576 2273; x_wconf 83' lang='lat' dir='ltr'>currat</span> <span class='ocrx_word' id='word_1_147' title='bbox 586 2240 670 2291; x_wconf 83' lang='lat' dir='ltr'>equos.</span> 
     </span>
     <span class='ocr_line' id='line_1_25' title="bbox 119 2302 670 2373; baseline -0.009 -14"><span class='ocrx_word' id='word_1_148' title='bbox 119 2304 257 2373; x_wconf 84' lang='lat' dir='ltr'>Cornipedi</span> <span class='ocrx_word' id='word_1_149' title='bbox 266 2306 348 2354; x_wconf 86' lang='lat' dir='ltr'>Fauno</span> <span class='ocrx_word' id='word_1_150' title='bbox 364 2302 425 2352; x_wconf 71' lang='lat' dir='ltr'>casti</span> <span class='ocrx_word' id='word_1_151' title='bbox 437 2302 466 2352; x_wconf 89' lang='lat' dir='ltr'>de</span> <span class='ocrx_word' id='word_1_152' title='bbox 480 2318 549 2351; x_wconf 90' lang='lat' dir='ltr'>more</span> <span class='ocrx_word' id='word_1_153' title='bbox 561 2304 670 2370; x_wconf 69' lang='lat' dir='ltr'>capelli,</span> 
     </span>
     <span class='ocr_line' id='line_1_26' title="bbox 155 2380 638 2449; baseline -0.002 -15"><span class='ocrx_word' id='word_1_154' title='bbox 155 2386 231 2434; x_wconf 87' lang='lat' dir='ltr'>Venit</span> <span class='ocrx_word' id='word_1_155' title='bbox 239 2382 270 2433; x_wconf 91' lang='lat' dir='ltr'>ad</span> <span class='ocrx_word' id='word_1_156' title='bbox 281 2385 375 2449; x_wconf 85' lang='lat' dir='ltr'>exiguas</span> <span class='ocrx_word' id='word_1_157' title='bbox 383 2382 452 2431; x_wconf 83' lang='lat' dir='ltr'>turba</span> <span class='ocrx_word' id='word_1_158' title='bbox 457 2394 544 2432; x_wconf 83' lang='lat' dir='ltr'>vocata</span> <span class='ocrx_word' id='word_1_159' title='bbox 556 2380 638 2447; x_wconf 81' lang='lat' dir='ltr'>dapes.</span> 
     </span>
     <span class='ocr_line' id='line_1_27' title="bbox 119 2458 728 2529; baseline -0.002 -17"><span class='ocrx_word' id='word_1_160' title='bbox 119 2462 239 2527; x_wconf 88' lang='lat' dir='ltr'>Dumque</span> <span class='ocrx_word' id='word_1_161' title='bbox 254 2458 386 2510; x_wconf 85' lang='lat' dir='ltr'>sacerdotes</span> <span class='ocrx_word' id='word_1_162' title='bbox 398 2461 499 2509; x_wconf 84' lang='lat' dir='ltr'>verubus</span> <span class='ocrx_word' id='word_1_163' title='bbox 516 2462 621 2511; x_wconf 76' lang='lat' dir='ltr'>transuta</span> <span class='ocrx_word' id='word_1_164' title='bbox 631 2463 728 2529; x_wconf 72' lang='lat' dir='ltr'>salignis</span> 
     </span>
     <span class='ocr_line' id='line_1_28' title="bbox 155 2536 775 2605; baseline 0.002 -16"><span class='ocrx_word' id='word_1_165' title='bbox 155 2541 218 2589; x_wconf 85' lang='lat' dir='ltr'>Exta</span> <span class='ocrx_word' id='word_1_166' title='bbox 229 2554 312 2605; x_wconf 83' lang='lat' dir='ltr'>parant</span> <span class='ocrx_word' id='word_1_167' title='bbox 324 2574 333 2599; x_wconf 95' lang='lat'>,</span> <span class='ocrx_word' id='word_1_168' title='bbox 350 2536 440 2588; x_wconf 87' lang='lat' dir='ltr'>medias</span> <span class='ocrx_word' id='word_1_169' title='bbox 452 2538 506 2587; x_wconf 86' lang='lat' dir='ltr'>Sole</span> <span class='ocrx_word' id='word_1_170' title='bbox 519 2554 615 2589; x_wconf 89' lang='lat' dir='ltr'>tenente</span> <span class='ocrx_word' id='word_1_171' title='bbox 624 2544 695 2603; x_wconf 78' lang='lat' dir='ltr'>vias3</span> <span class='ocrx_word' id='word_1_172' title='bbox 771 2578 775 2590; x_wconf 47' lang='lat' dir='ltr'>r</span> 
     </span>
     <span class='ocr_line' id='line_1_29' title="bbox 120 2616 890 2696; baseline 0.009 -29"><span class='ocrx_word' id='word_1_173' title='bbox 120 2616 264 2673; x_wconf 84' lang='lat' dir='ltr'>Romulus,</span> <span class='ocrx_word' id='word_1_174' title='bbox 285 2621 311 2667; x_wconf 72' lang='lat' dir='ltr'>Bt</span> <span class='ocrx_word' id='word_1_175' title='bbox 328 2617 417 2677; x_wconf 87' lang='lat' dir='ltr'>frater,</span> <span class='ocrx_word' id='word_1_176' title='bbox 436 2616 606 2684; x_wconf 76' lang='lat' dir='ltr'>pastoralisque</span> <span class='ocrx_word' id='word_1_177' title='bbox 621 2624 751 2687; x_wconf 77' lang='lat' dir='ltr'>juventus,</span> <span class='ocrx_word' id='word_1_178' title='bbox 847 2641 890 2696; x_wconf 76' lang='lat'>3⁶5</span> 
     </span>
     <span class='ocr_line' id='line_1_30' title="bbox 157 2694 697 2759; baseline 0.009 -15"><span class='ocrx_word' id='word_1_179' title='bbox 157 2695 255 2744; x_wconf 85' lang='lat' dir='ltr'>Solibus</span> <span class='ocrx_word' id='word_1_180' title='bbox 270 2698 295 2744; x_wconf 75' lang='grc' dir='ltr'>δε</span> <span class='ocrx_word' id='word_1_181' title='bbox 307 2712 393 2759; x_wconf 83' lang='lat' dir='ltr'>campo</span> <span class='ocrx_word' id='word_1_182' title='bbox 406 2710 507 2759; x_wconf 86' lang='lat' dir='ltr'>corpora</span> <span class='ocrx_word' id='word_1_183' title='bbox 516 2694 582 2745; x_wconf 88' lang='lat' dir='ltr'>nuda</span> <span class='ocrx_word' id='word_1_184' title='bbox 592 2696 697 2759; x_wconf 79' lang='lat' dir='ltr'>dabant3</span> 
     </span>
     <span class='ocr_line' id='line_1_31' title="bbox 121 2772 715 2841; baseline 0.007 -19"><span class='ocrx_word' id='word_1_185' title='bbox 121 2772 260 2830; x_wconf 84' lang='lat' dir='ltr'>Caestibus,</span> <span class='ocrx_word' id='word_1_186' title='bbox 274 2774 298 2819; x_wconf 75' lang='lat' dir='ltr'>bc</span> <span class='ocrx_word' id='word_1_187' title='bbox 310 2772 410 2836; x_wconf 84' lang='lat' dir='ltr'>jaculis,</span> <span class='ocrx_word' id='word_1_188' title='bbox 423 2777 447 2821; x_wconf 74' lang='grc' dir='ltr'>δι</span> <span class='ocrx_word' id='word_1_189' title='bbox 457 2774 523 2821; x_wconf 78' lang='lat' dir='ltr'>missi</span> <span class='ocrx_word' id='word_1_190' title='bbox 534 2772 640 2838; x_wconf 88' lang='lat' dir='ltr'>pondere</span> <span class='ocrx_word' id='word_1_191' title='bbox 647 2779 695 2827; x_wconf 80' lang='lat' dir='ltr'>saxi</span> <span class='ocrx_word' id='word_1_192' title='bbox 706 2814 715 2841; x_wconf 87' lang='lat'>,</span> 
     </span>
     <span class='ocr_line' id='line_1_32' title="bbox 158 2849 653 2917; baseline 0.008 -19"><span class='ocrx_word' id='word_1_193' title='bbox 158 2850 262 2899; x_wconf 86' lang='lat' dir='ltr'>Brachia</span> <span class='ocrx_word' id='word_1_194' title='bbox 273 2864 314 2917; x_wconf 86' lang='lat' dir='ltr'>per</span> <span class='ocrx_word' id='word_1_195' title='bbox 325 2849 388 2897; x_wconf 87' lang='lat' dir='ltr'>lusus</span> <span class='ocrx_word' id='word_1_196' title='bbox 397 2850 536 2915; x_wconf 85' lang='lat' dir='ltr'>experienda</span> <span class='ocrx_word' id='word_1_197' title='bbox 547 2850 636 2903; x_wconf 82' lang='lat' dir='ltr'>dabant</span> <span class='ocrx_word' id='word_1_198' title='bbox 646 2873 653 2913; x_wconf 83' lang='lat'>3</span> 
     </span>
     <span class='ocr_line' id='line_1_33' title="bbox 121 2926 718 2996; baseline 0.012 -17"><span class='ocrx_word' id='word_1_199' title='bbox 121 2927 210 2979; x_wconf 84' lang='lat' dir='ltr'>Pastor</span> <span class='ocrx_word' id='word_1_200' title='bbox 225 2926 255 2977; x_wconf 92' lang='lat' dir='ltr'>ab</span> <span class='ocrx_word' id='word_1_201' title='bbox 270 2926 362 2975; x_wconf 81' lang='lat' dir='ltr'>excelso</span> <span class='ocrx_word' id='word_1_202' title='bbox 372 2944 379 2985; x_wconf 77' lang='lat'>3</span> <span class='ocrx_word' id='word_1_203' title='bbox 391 2926 434 2975; x_wconf 82' lang='lat' dir='ltr'>Per</span> <span class='ocrx_word' id='word_1_204' title='bbox 445 2926 514 2977; x_wconf 84' lang='lat' dir='ltr'>devia</span> <span class='ocrx_word' id='word_1_205' title='bbox 526 2944 579 2977; x_wconf 85' lang='lat' dir='ltr'>rura</span> <span class='ocrx_word' id='word_1_206' title='bbox 589 2935 718 2996; x_wconf 80' lang='lat' dir='ltr'>juvencos,</span> 
     </span>
     <span class='ocr_line' id='line_1_34' title="bbox 159 2996 895 3079; baseline 0.01 -25"><span class='ocrx_word' id='word_1_207' title='bbox 159 3006 267 3056; x_wconf 87' lang='lat' dir='ltr'>Romule</span> <span class='ocrx_word' id='word_1_208' title='bbox 275 3022 287 3066; x_wconf 75' lang='lat'>,¹</span> <span class='ocrx_word' id='word_1_209' title='bbox 295 3003 436 3071; x_wconf 73' lang='lat' dir='ltr'>predones,</span> <span class='ocrx_word' id='word_1_210' title='bbox 454 2996 534 3070; x_wconf 83' lang='lat' dir='ltr'>eripe,</span> <span class='ocrx_word' id='word_1_211' title='bbox 554 3005 629 3071; x_wconf 83' lang='lat' dir='ltr'>dixit,</span> <span class='ocrx_word' id='word_1_212' title='bbox 647 3028 728 3077; x_wconf 87' lang='lat' dir='ltr'>agunt.</span> <span class='ocrx_word' id='word_1_213' title='bbox 846 3033 895 3079; x_wconf 69' lang='lat'>370</span> 
     </span>
     <span class='ocr_line' id='line_1_35' title="bbox 118 3082 696 3159; baseline 0.005 -22"><span class='ocrx_word' id='word_1_214' title='bbox 118 3085 242 3153; x_wconf 74' lang='lat' dir='ltr'>tongum</span> <span class='ocrx_word' id='word_1_215' title='bbox 254 3098 304 3136; x_wconf 88' lang='lat' dir='ltr'>crat</span> <span class='ocrx_word' id='word_1_216' title='bbox 314 3087 416 3137; x_wconf 85' lang='lat' dir='ltr'>armati:</span> <span class='ocrx_word' id='word_1_217' title='bbox 429 3082 525 3139; x_wconf 79' lang='lat' dir='ltr'>diversis</span> <span class='ocrx_word' id='word_1_218' title='bbox 539 3089 588 3137; x_wconf 82' lang='lat' dir='ltr'>exit</span> <span class='ocrx_word' id='word_1_219' title='bbox 598 3102 696 3159; x_wconf 85' lang='lat' dir='ltr'>uterque</span> 
     </span>
    </p>
   </div>
   <div class='ocr_carea' id='block_1_3' title="bbox 0 0 1168 3959">
    <p class='ocr_par' dir='ltr' id='par_1_3' title="bbox 0 0 1168 3959">
     <span class='ocr_line' id='line_1_36' title="bbox 0 0 1168 3959; baseline 0 0"><span class='ocrx_word' id='word_1_220' title='bbox 0 0 1168 3959; x_wconf 95' lang='lat' dir='ltr'> </span> 
     </span>
    </p>
   </div>
  </div>
 </body>
</html>
