2325 3959
262 420 402 488 Erret.
428 430 484 482 nx
507 412 661 481 Ponto
684 408 722 475 L.
747 406 777 472 Ι.
816 421 894 498 295.

205 542 235 591 Se
245 546 315 592 nimis
323 542 455 598 ulciscens,
473 535 560 585 exstitit
571 533 620 599 ipse
627 544 725 580 nocens.
905 528 934 561 20

84 627 89 637 '
169 618 204 667 At
216 622 259 669 tibi
271 656 279 681 ‚
294 622 344 670 Rex
356 635 425 676 avo,
437 615 521 672 detur,
538 612 667 679 fortissime
679 605 774 665 nostro,

84 688 102 717 '³
203 698 301 762 Semper
315 695 433 746 honorati
446 696 537 757 sceptra
547 702 626 739 tenere
637 700 720 735 manu.
787 695 790 703 ·

169 772 269 838 Teque,
282 772 377 841 quod&
386 772 488 838 prestat,
497 767 627 835 quideuirn
634 765 679 813 tibi
690 761 783 826 plenius
790 762 882 823 optem?

87 846 90 854 ¹
202 850 359 902 Martiarum
366 865 455 915 magno
464 847 558 898 Caesare
568 844 647 897 Rome
658 840 750 903 probet.

168 924 216 975 Sed
232 944 325 977 memor
334 927 398 977 uude
408 928 474 984 abii,
488 938 593 990 queror,
604 937 621 969 o
630 914 734 984 jucunde
744 914 832 967 sodalis
842 915 848 961 i
901 922 927 965 ²5

201 1004 325 1073 Aecedaut
337 1006 421 1055 nolitis
430 1006 490 1054 setta
500 998 567 1067 quod
577 1013 644 1049 arma
654 994 734 1049 malit.

132 1100 151 1132 ,⁴
167 1079 205 1131 Ut
215 1096 285 1133 careo
294 1086 363 1135 vobit
374 1086 467 1148 Stygiae
479 1080 586 1130 detrusus
599 1080 625 1125 in
636 1090 705 1133 oras,
776 1076 777 1081 ’

199 1159 321 1220 Quattuor
330 1176 458 1210 autumnos
469 1159 546 1211 Pleias
553 1170 608 1205 orta
616 1154 685 1203 faeie.

84 1231 93 1262 ²
165 1235 220 1287 Nec
239 1255 264 1288 tu
276 1239 403 1290 credideris
417 1241 512 1287 urbane
524 1232 656 1289 commoda
669 1235 724 1283 vite

199 1316 311 1376 Quaetete
323 1316 446 1368 Nasonem
457 1334 464 1362 t
475 1316 560 1379 quaerit
576 1315 601 1361 &
615 1310 658 1359 illa
669 1322 769 1359 tamen·
902 1315 930 1359 30

166 1390 233 1441 Nam
245 1392 322 1443 modo
331 1410 374 1443 vos
386 1396 468 1441 animo
478 1389 561 1439 dulces
570 1389 710 1437 reminiscor
722 1421 730 1445 ,
745 1390 815 1435 amici
830 1404 837 1444 3

200 1468 272 1528 Nune
282 1473 343 1519 milri
354 1485 409 1519 eum
421 1485 474 1518 cara
484 1472 588 1534 conjuge
599 1466 740 1515 uata'subitr

164 1549 235 1614 Eque
249 1546 325 1599 domo
336 1550 416 1600 rursus
426 1547 531 1613 pulchra
539 1545 594 1594 loca
602 1558 683 1594 vertor
694 1540 724 1592 ad
735 1542 806 1591 Urbis
817 1560 825 1599 ',

199 1624 339 1692 Cnosiaque
347 1642 415 1675 mene
424 1621 619 1688 oeulis-pervidet
630 1620 673 1669 illa
683 1622 737 1669 suis.

165 1704 239 1755 Nunc
248 1704 318 1764 fora,
335 1720 399 1753 nuuc
409 1701 483 1761 eder,
496 1716 561 1750 nunt
568 1714 689 1751 marmore
701 1700 760 1746 tedia
772 1699 876 1755 theatra,
900 1711 925 1753 35

197 1784 270 1834 Nunc
282 1784 345 1833 subit
354 1781 448 1848 aquati
455 1783 562 1846 porticui
572 1780 652 1831 omnir
662 1779 747 1825 humo.
777 1808 782 1817 .

165 1864 281 1914 Gramina
293 1849 356 1910 nunc
365 1860 466 1925 Campi,
479 1858 591 1922 pulchros
604 1857 727 1919 spoliantis
742 1856 768 1902 in
778 1857 877 1910 hortos,

195 1943 331 2004 stagnaque
348 1942 373 1986 δι
387 1938 487 2002 Euripi,
505 1936 678 1999 Virgineusque
690 1932 779 1996 liquor.

164 2017 213 2074 At,
233 2028 308 2079 puto,
322 2014 356 2060 ric
362 2010 435 2059 Urbis
446 2011 533 2059 misero
544 2009 577 2057 est
589 2022 669 2072 erepta
679 2005 789 2071 voluptas
801 2040 808 2058 ‚

196 2091 313 2154 Quolibet
322 2105 349 2139 ut
359 2090 441 2139 saltem
451 2085 504 2136 rure
516 2086 649 2139 fruilieeat.
895 2110 925 2152 40

163 2169 223 2221 Nou
238 2185 305 2218 meus
322 2166 417 2219 amissos
432 2169 525 2215 animus
542 2163 660 2214 desiderat
671 2176 758 2227 agros,

196 2248 307 2313 Ruraque
316 2246 415 2310 Peligno
423 2240 591 2307 conspicienda
600 2240 653 2289 solo
665 2258 671 2287 e

162 2326 215 2377 Nec
226 2341 287 2391 quos
296 2323 403 2389 piniferis
413 2324 503 2391 positos
513 2324 538 2369 in
550 2319 653 2371 collibus
663 2320 747 2367 hortos

193 2406 287 2469 Spestat
300 2402 424 2466 Flaminiae
435 2396 526 2449 Clodia
539 2399 618 2461 junsta
630 2398 684 2447 viae.

162 2480 230 2542 Quot
240 2496 285 2545 ego
295 2480 424 2528 nesciocui
435 2476 515 2530 colui,
530 2475 617 2541 quibus
631 2475 679 2539 ipse
694 2470 800 2521 solebam
894 2496 922 2543 45

198 2556 237 2606 Ad
247 2559 297 2605 sata
305 2556 434 2612 fontanas,
447 2571 491 2601 nec
502 2551 576 2616 pudet
588 2587 596 2611 ,
615 2550 700 2600 addere
711 2566 791 2615 aquas.

163 2639 223 2687 Sunt
231 2636 279 2685 ibi.
295 2633 406 2682 tivivnnt
436 2630 517 2679 nostri
530 2645 626 2694 quoque
638 2631 728 2676 consita
738 2625 872 2692 quondum,

195 2710 242 2763 Sed
258 2726 307 2759 non
323 2712 347 2757 ἃ
358 2707 437 2756 nostrai
447 2723 519 2771 poma
534 2704 634 2771 legenda
645 2722 726 2755 manu.

162 2792 209 2843 Pro
221 2789 307 2854 quibus
316 2788 425 2843 amissis,
440 2787 533 2832 utinam
544 2786 681 2846 contingere
693 2787 765 2850 possit

195 2867 242 2918 Hic
251 2865 335 2913 saltem
344 2862 448 2927 profugo
462 2861 532 2927 gleba
543 2859 645 2909 colenda
656 2860 731 2909 mihil
892 2867 921 2907 50

163 2948 214 3012 lpse
234 2959 279 3008 ego
297 2938 446 3006 pendentes,
464 2940 535 2989 liceat
548 2936 640 2998 modd,
657 2955 715 3005 rupe
733 2939 854 3005 capellos,

194 3024 245 3089 lpse
263 3019 335 3071 velim
350 3018 436 3067 baculo
448 3018 541 3081 pascere
551 3010 619 3067 nixus
630 3033 695 3067 oves.

164 3104 214 3171 lpse
224 3116 284 3169 ego,
293 3114 323 3147 ne
334 3096 410 3148 solitis
420 3097 527 3147 insistant
541 3099 635 3162 pellera
645 3086 707 3147 euris
719 3129 726 3153 ,
762 3153 765 3159 Ι

695 3177 719 3225 Ν
738 3174 763 3223 iv
842 3210 845 3217 ,
