2325 3959
180 479 185 488 ·
271 418 886 504 rrsrorvnrn.1s1.159

206 548 296 602 fallere
303 586 312 613 ,
328 551 433 617 personis
443 550 546 613 imperat
561 560 605 593 ora
616 544 673 606 tegi.

170 626 340 695 Admiscetque
352 630 412 677 aiios
423 646 430 675 e
442 631 467 676 dt
478 661 486 686 ,
497 640 523 674 ut
533 627 596 673 hunc
607 621 706 670 tibicina
714 634 805 671 tectum

81 752 83 770 ζ
204 705 309 772 Augeat,
322 710 348 756 in
358 706 437 772 longis
445 704 546 753 vestibus
558 706 592 750 ire
607 702 683 766 jubet.

170 784 210 832 Sic
227 782 325 834 reduces
336 786 395 834 bene
405 780 471 849 posse
482 785 550 847 tegi,
565 796 595 830 ne
607 780 670 829 sorte
681 790 794 827 notentur

205 861 299 915 Contra
312 863 411 929 college
420 860 481 928 juisa
491 858 577 916 rediise
588 860 631 909 sui.
885 866 935 915 ⁶9⁰

171 940 218 988 Res
231 940 457 1008 placuittcuicuque
468 957 533 992 novo
548 940 608 988 iibct
622 935 703 987 idibus
714 934 764 993 uti,
939 941 944 949 ·’

203 1018 235 1069 Et
249 1037 332 1071 canere
342 1019 372 1071 ad
381 1036 472 1071 veteres
482 1020 554 1069 verba
566 1017 648 1083 jocosa
662 1011 758 1063 modos.

169 1094 228 1146 Haec
248 1101 289 1147 ubi
304 1097 442 1164 perdocuit,
461 1096 563 1163 superest
571 1097 633 1145 mihi
649 1092 755 1151 discere,
775 1088 834 1139 dixi.

201 1174 294 1226 Currit
305 1178 466 1244 Quinquatrus
477 1178 521 1228 iiia
534 1187 621 1226 vocata
632 1172 691 1223 diet.

168 1248 290 1316 Martius,
306 1259 404 1322 inquit,
422 1259 471 1322 agit
485 1257 528 1305 tali
537 1272 592 1305 mea
601 1256 700 1303 nomine
710 1249 785 1307 seiica
885 1252 929 1303 695

202 1331 289 1398 Estque
298 1336 341 1382 sub
352 1339 456 1386 inventis
466 1338 516 1385 haec
527 1348 624 1400 quoque
638 1331 707 1379 turba
718 1330 786 1379 meis.

168 1406 250 1458 Prima
265 1413 384 1461 terebrato
396 1429 438 1477 per
447 1428 500 1461 rara
509 1411 630 1462 foramina
640 1410 722 1466 buxo,

204 1488 239 1537 Ut
248 1483 316 1539 daret
326 1485 395 1539 effeci
406 1491 464 1541 tibia
477 1489 550 1554 ionga
561 1490 642 1537 sonos.

168 1564 225 1613 Vox
238 1565 328 1630 placuit
337 1567 448 1634 :liquidis
459 1569 545 1617 faciem
557 1562 713 1617 referentibus
724 1556 795 1609 undis
806 1591 815 1619 ,

202 1641 260 1693 vidi
271 1646 385 1711 virgineas
393 1640 532 1695 intumuisse
541 1660 623 1710 genas.

168 1719 212 1771 ,irs
226 1725 286 1773 mihi
296 1740 347 1774 non
359 1728 419 1775 tanti
429 1725 471 1774 est.
484 1725 585 1784 Valeas,
597 1740 651 1773 rnea
659 1722 718 1771 tibia
730 1752 738 1779 ,
748 1715 806 1767 dixi.

201 1800 295 1867 Excipit
308 1805 422 1869 abjediam
430 1806 524 1868 caespite
534 1807 585 1867 ripa
593 1803 645 1851 suo.

167 1876 294 1929 inventam
309 1883 405 1943 Satyrus
415 1882 520 1946 prinnini
531 1885 648 1930 miratur:
660 1892 684 1927 at
696 1876 765 1925 usum

199 1953 299 2016 Nescit,
316 1962 340 2005 dc
352 1958 460 2008 inflatam
472 1960 543 2006 sentit
552 1959 638 2009 habere
650 1956 744 2003 sonum.

165 2032 200 2081 Et
214 2031 290 2082 modo
298 2032 400 2083 dimittit
410 2032 510 2098 digitis,
526 2030 603 2081 modo
614 2032 720 2094 concipit
731 2042 797 2078 auras
808 2044 816 2086 3
883 2020 928 2069 7⁰5

200 2110 300 2177 Jamque
309 2114 371 2161 inter
382 2112 507 2176 Nymphas
518 2123 567 2159 arte
575 2110 687 2173 superbus
697 2121 756 2155 erat.
796 2124 798 2130 ’

167 2187 288 2239 Provocat
304 2193 328 2239 δε
342 2191 474 2240 Phoebum:
483 2190 576 2239 Phoebo
586 2191 726 2253 superante,
738 2181 865 2250 pependit:

202 2266 270 2317 Caeia
279 2266 441 2318 recefferunta
452 2282 506 2317 cute
517 2268 627 2316 membra
638 2265 688 2315 sui.

166 2346 224 2393 Sunt
236 2361 317 2395 tamen
327 2350 446 2397 inventrix
458 2349 585 2412 ausiorque
596 2362 641 2411 ego
652 2345 764 2394 carminis
779 2344 863 2407 hujute

198 2423 252 2473 Hoc
263 2425 295 2474 est
304 2442 346 2474 cur
355 2427 447 2476 nostros
457 2443 493 2475 ars
503 2425 568 2475 eolat
578 2425 622 2473 ista
633 2422 694 2473 dies.
881 2413 930 2459 7¹⁰

164 2499 284 2552 TERTiA
301 2505 342 2553 iux
352 2509 447 2564 veniae,
460 2504 565 2571 qui-tu,
580 2502 682 2553 Dodoni
692 2504 812 2565 Thyene,
917 2520 922 2529 ·

189 2581 294 2644 ¹Stabis,
317 2584 435 2646 Agenorei
449 2585 528 2631 fronte
539 2580 643 2631 videnda
654 2582 730 2631 bovis.

167 2656 270 2717 Haec,esi
285 2656 328 2706 iiia
341 2652 406 2718 dies,
423 2662 472 2725 qui
483 2674 509 2709 tu
523 2663 664 2723 purgamina
675 2658 769 2720 Veste,

199 2736 286 2791 Tibri,
297 2754 338 2799 per
350 2736 457 2787 Etntscas
465 2742 490 2787 in
502 2750 566 2786 nrare
577 2740 653 2787 mittis
664 2752 743 2803 aquas.

168 2811 194 2859 Si
209 2829 256 2877 qua
269 2811 328 2862 fider
342 2819 437 2874 ventis3
453 2811 623 2881 Zephirodtte
633 2822 744 2879 carbasa,
760 2832 852 2877 naum
880 2819 924 2865 7¹5

202 2888 261 2939 Cras
275 2896 357 2941 veniet
370 2894 449 2945 vesiris
459 2894 501 2943 ille
511 2894 627 2945 secundus
638 2900 713 2962 nquit.

167 2967 212 3019 AT
222 2978 288 3033 pater
299 2969 444 3031 Heliadum,
454 2971 538 3021 radios
552 2974 593 3022 ubi
605 2977 700 3025 tinxerit
709 2975 796 3038 undis,

200 3046 231 3096 Et
246 3050 327 3112 cinget
339 3053 447 3114 geminos
459 3050 525 3099 stella
535 3053 615 3101 serena
626 3052 693 3117 polos
706 3072 714 3113 3

166 3123 250 3175 Toller
264 3128 339 3177 humo
352 3126 445 3181 validos
462 3128 637 3195 prolesiiyriea
646 3130 756 3183 lacertos.
773 3197 775 3202 Ι

884 1632 934 1678 700
