2325 3959
273 386 276 392 ’
305 398 374 481 ‘328
449 391 493 461 P.
521 393 677 462 Ovrnrr
696 396 911 465 Nasonrs

336 518 371 565 Sit
386 518 460 566 virtue
471 519 542 565 etiam
553 517 603 565 non
615 518 733 582 probitate
744 521 834 567 minor.

236 628 241 631 -
253 599 283 645 95
303 592 360 641 Non
372 595 415 642 tibi
426 596 557 644 Amazonia
566 596 599 644 est
609 612 652 659 pro
664 612 703 643 me
717 594 833 646 sumenda
844 596 959 643 securis
973 602 991 655 ,'

334 671 382 719 Aut
397 674 473 721 excisa
484 673 530 721 levi
541 673 606 737 pelta
617 671 720 737 gerenda
729 686 811 721 manu.

301 745 399 797 Numen
408 748 556 799 adorandum
567 750 616 807 est3
630 766 678 798 non
691 764 717 799 ut
727 752 787 799 mihi
798 748 842 798 fiat
857 752 1024 813 amicum,

333 825 378 875 Sed
387 830 418 876 sit
428 842 455 875 ut
463 831 551 875 iratum
562 826 652 892 ,quim
665 825 711 875 suit
720 842 773 875 ante
785 860 793 885 ,
804 827 910 876 minus.

301 902 382 952 Gratia
393 908 413 953 si
422 904 489 953 nulla
499 905 548 958 est,
559 904 671 966 lacrymat
683 906 727 953 ribi
741 907 816 969 gratia
828 903 911 953 fient.

255 977 301 1012 ¹⁰⁰
334 980 384 1029 Hac
397 996 480 1045 potes,
495 998 536 1029 aur
547 981 631 1039 nulii,
647 997 713 1045 parte
724 998 820 1031 nrovere
833 980 927 1030 Deos.

300 1056 359 1116 Qua
370 1059 414 1106 tibi
428 1074 458 1105 ne
469 1055 564 1115 desint,
583 1058 642 1105 bene
652 1074 692 1120 per
705 1056 768 1105 mala
779 1056 862 1105 nostra
875 1073 1005 1107 cavetur
1015 1077 1025 1108 a

331 1134 419 1199 Meque
428 1137 498 1191 vito,
509 1131 582 1182 flendi
593 1135 663 1197 copia
676 1132 742 1183 dives
752 1131 825 1183 adest.

298 1211 379 1275 thue
389 1228 449 1260 meae
459 1228 494 1259 res
504 1213 574 1269 sunt3
586 1214 666 1270 omni,
679 1227 758 1276 puto,
774 1224 892 1274 tempore
908 1210 1007 1261 flebis.

331 1288 378 1337 Har
395 1289 499 1337 fortuna
510 1291 554 1337 tibi
572 1288 651 1337 nostra
662 1288 777 1337 ministrat
793 1304 863 1351 opes.

252 1376 282 1411 ιο
287 1384 293 1425 j
301 1366 324 1413 Si
341 1380 394 1414 mea
409 1382 474 1414 mors
485 1363 623 1415 redimenda
634 1364 688 1419 tud,
700 1362 767 1430 quod
777 1366 941 1429 abominor,
960 1366 1036 1430 effer,

330 1442 427 1493 Admeti
436 1447 542 1508 conjux,
559 1459 633 1507 quarn
647 1444 789 1508 sequereris,
802 1458 865 1490 erat.

298 1520 395 1568 AEmula
406 1521 536 1585 Penelopes
546 1518 613 1568 fieres
625 1554 633 1578 ,
645 1522 664 1566 ri
676 1517 759 1569 fraude
769 1517 860 1584 pudici

329 1596 442 1645 instantes
451 1596 525 1645 veiier
535 1596 618 1645 fallere
629 1611 703 1660 nupta
714 1612 808 1659 protos.

297 1674 321 1721 Si
332 1690 412 1721 comes
422 1675 525 1723 exstineii
536 1674 619 1722 Manes
630 1676 751 1739 sequerere
758 1674 838 1721 mariti
849 1706 861 1728 ,

249 1743 296 1777 ¹¹0
329 1746 393 1799 Esset
405 1749 454 1798 dux
464 1750 519 1798 faeti
532 1748 664 1799 Laodamia
676 1754 720 1800 tui.

296 1826 373 1891 Iphias
379 1842 435 1876 ante
445 1826 529 1875 oeulos
539 1827 583 1875 thi
595 1843 644 1875 erat
654 1825 765 1891 ponenda
775 1861 783 1882 ,
795 1824 897 1875 volenti

328 1903 423 1969 Corpus
433 1907 458 1952 in
469 1906 579 1953 accensos
589 1908 685 1953 mittere
696 1904 759 1954 forte
770 1918 852 1969 rogos.

296 1980 339 2029 Nil
348 1998 408 2046 opus
418 1982 451 2030 est
458 1982 507 2033 leto
516 2016 525 2040 ,
533 1981 569 2029 nil
582 1980 709 2031 Icariotide
718 1980 783 2030 telde

327 2057 426 2108 Caesaris
438 2073 463 2107 at
475 2063 562 2123 conjux
572 2074 615 2107 ore
626 2057 743 2122 precanda
754 2073 805 2107 tuo.

250 2134 354 2195 115Qu2·
372 2136 462 2199 praestat
471 2139 559 2183 virture
569 2134 628 2194 sud,
642 2151 673 2183 ne
683 2137 758 2199 prisca
768 2134 871 2184 vetustas

326 2212 407 2263 Laude
417 2212 538 2279 pudicitia
547 2211 626 2261 secula
636 2212 714 2261 nostra
726 2227 826 2277 premat.

294 2290 354 2351 Quat
366 2290 464 2341 Veneris
479 2290 601 2348 formam,
619 2306 696 2339 mores
706 2289 805 2338 Iunonis
817 2287 958 2352 habendo,

328 2366 383 2416 Sola
394 2368 440 2422 est,
457 2366 545 2415 celesti
556 2363 628 2429 digna
640 2381 731 2430 reperta
743 2381 807 2415 roro.

295 2442 361 2504 Quid
377 2441 496 2509 trepidae?
508 2440 568 2509 quid
574 2441 640 2491 adire
650 2447 736 2493 times?
748 2460 797 2492 non
807 2445 885 2511 impia
895 2445 1014 2513 Progne,

248 2528 292 2560 120
318 2519 415 2568 ¹Filiarve
427 2519 500 2568 AEetae
510 2536 570 2569 voce
581 2519 701 2571 movenda
711 2520 752 2569 tui
762 2521 804 2569 est:

294 2598 344 2647 Nec
354 2604 426 2646 nurus
437 2596 537 2661 AEgypti
545 2630 556 2651 ,
574 2613 618 2645 nec
631 2599 691 2648 saeva
706 2600 894 2662 Agamemnonis
909 2617 994 2665 uxor,

325 2675 450 2738 Scyllare,
461 2690 514 2740 que
525 2674 615 2724 siculas
623 2678 720 2739 inguine
728 2690 801 2724 terret
808 2690 898 2740 aquas:

291 2753 437 2817 Telegonive
447 2768 529 2816 patena
538 2750 659 2802 vertendis
670 2766 727 2801 nata
734 2751 834 2816 figuris,

323 2829 419 2891 Nexave
429 2826 530 2878 nodosae
537 2845 613 2893 angue
630 2828 731 2879 Medusa
740 2845 829 2879 comas.

244 2913 286 2957 ¹25
292 2907 388 2957 Femina
398 2904 438 2955 sed
447 2906 571 2971 Princeps,
589 2909 614 2956 in
628 2923 675 2973 qua
683 2908 787 2957 Fortuna
798 2904 878 2956 videre

323 2985 351 3033 Se
361 2984 464 3049 probat,
480 2987 507 3033 dc
525 3000 593 3034 cece
609 2986 709 3034 erimina
722 2984 781 3033 salsa
798 2985 862 3033 tulit.

294 3062 349 3124 Qua
361 3062 421 3113 nihil
431 3064 458 3113 iu
467 3064 549 3126 tertis,
559 3060 591 3113 ad
601 3060 676 3114 finem
686 3061 749 3114 Solia
760 3062 789 3112 ab
799 3076 872 3122 ortu,
