2325 3959
253 394 544 465 FAaronurr
564 359 647 463 [ιιι.
676 394 746 465 VI.
797 422 862 485 ιιι

191 515 286 576 Mater,
302 520 327 565 dt
338 531 365 565 ut
375 514 462 575 debet,
474 534 530 567 cum
540 518 599 567 Jove
612 520 705 567 summa
717 533 792 571 tenet.

161 592 192 641 At
201 590 271 641 decus
281 610 353 643 omne
364 595 424 642 mihi
432 597 552 659 contingit
563 598 655 660 origine
667 600 762 647 mensis.
888 622 916 669 75

193 669 281 719 Unicus
291 670 340 731 est,
358 668 388 719 dc
400 687 449 736 quo
459 670 624 731 solidamur,
640 674 726 723 honor.

77 785 78 796 ,
162 745 224 807 Quid
232 763 303 811 grave
314 782 323 807 ‚
335 751 355 795 si
366 749 465 797 titulum
475 752 578 809 mensis,
591 750 712 805 Romane,
724 749 807 801 dedisti

193 825 302 876 Herculis
315 828 398 885 uxori,
412 826 580 892 posteritasque
592 836 703 881 memor?

162 902 218 952 Haec
228 915 393 969 quaqueterra
402 902 495 969 aliquid
504 902 575 953 debet
584 907 645 953 mihi
656 908 753 959 nomint
765 909 850 971 magni,

193 979 311 1046 Coniugis
322 1000 328 1029 ε
340 983 386 1030 huc
399 996 479 1046 captas
489 982 583 1047 appulit
593 983 634 1031 ilie
644 983 725 1033 boves.
890 1007 921 1055 30

162 1056 208 1107 Hic
215 1057 278 1116 male
288 1056 397 1108 defensus
405 1058 523 1120 dammis,
539 1058 630 1109 &dote
642 1061 740 1127 paterni
747 1096 757 1123 ,

193 1134 271 1185 Cacus
279 1137 422 1186 Aventinam
434 1140 546 1203 sanguine
555 1141 626 1187 tinxit
636 1140 748 1190 humum.

162 1210 199 1262 Ad
213 1218 325 1279 propiora
334 1231 409 1264 vocor
420 1234 426 1263 z
438 1215 556 1280 populum
570 1214 670 1280 digessit
681 1219 711 1265 ab
723 1220 790 1269 annis

195 1293 329 1351 Romulus,
340 1296 366 1341 in
377 1307 454 1357 partes
465 1291 629 1358 distribuitque
638 1291 704 1342 duas.

164 1368 220 1418 Haec
231 1368 286 1418 dare
297 1370 443 1428 consilium,
454 1385 558 1433 pugnare
569 1373 672 1434 paratior
683 1370 725 1421 iila
732 1372 777 1421 est.

197 1446 254 1494 Haec
265 1461 320 1495 aetas
330 1446 421 1494 bellum
432 1444 531 1505 suadet,
543 1446 617 1495 arilia
626 1450 694 1511 gerit.

163 1525 203 1572 Sic
213 1523 294 1575 statuit
304 1559 312 1586 ‚
323 1524 462 1589 mensesque
469 1523 528 1571 noti
539 1525 638 1573 secrevit
649 1523 744 1576 eidem.

195 1601 279 1650 lunius
290 1602 322 1649 est
329 1606 457 1667 juvenum3
467 1604 508 1666 qui
517 1600 566 1649 fuir
573 1616 627 1650 ante
636 1636 645 1661 ,
657 1604 746 1652 senum.

164 1678 251 1728 Dixit:
264 1682 289 1728 &
301 1681 327 1727 in
337 1678 405 1727 litem
416 1675 494 1726 studio
507 1682 642 1727 certaminis
657 1676 744 1739 iisent5

195 1759 263 1823 Aque
273 1756 309 1805 irai
319 1760 394 1821 pietas
405 1754 553 1805 dissimulata
562 1756 635 1810 foret.

163 1836 238 1886 Venit
249 1832 376 1900 Apollinei
388 1834 470 1898 longas
480 1832 624 1883 Concordia
635 1834 703 1885 lauro

196 1914 265 1963 Nexa
276 1929 357 1962 comas
369 1946 378 1972 ,
393 1910 482 1977 placidi
492 1928 581 1960 numen
594 1928 700 1977 opusque
712 1912 798 1965 Ducis.

166 1991 224 2041 Haec
241 1992 282 2039 ubi
292 1992 397 2041 narravit
409 1991 523 2048 Tatium,
539 1989 675 2055 fortemque
687 1990 830 2057 Quirinum,

200 2070 306 2133 Binaque
317 2084 371 2117 cum
382 2068 477 2133 populis
487 2083 559 2131 regna
568 2064 643 2115 coiffe
655 2068 700 2115 suis
712 2102 720 2126 ‚

166 2146 205 2197 Et*
211 2148 270 2196 Lare
278 2148 401 2195 communi
411 2148 504 2195 soceros
511 2160 657 2209 generosque
666 2159 772 2209 receptos
782 2164 790 2205 3
897 2166 925 2211 95

163 2270 166 2273 ,
201 2226 245 2274 His
255 2241 343 2273 nomeu
352 2227 437 2290 juniiis
445 2224 544 2284 lunius,
555 2225 635 2287 inquit
647 2256 655 2282 ,
671 2223 751 2272 habet.

167 2303 239 2352 Dicta
249 2294 334 2367 triplex
343 2303 412 2351 causa
422 2302 454 2350 est
466 2321 472 2349 e
484 2315 509 2350 at
523 2317 566 2350 vos
576 2302 692 2365 ignoscite
703 2336 712 2362 ‚
731 2302 815 2359 Dives

201 2382 247 2429 Res
257 2380 289 2429 est
299 2381 397 2429 arbitrio
407 2396 456 2428 non
467 2377 602 2429 dirimenda
612 2396 677 2429 meo.

168 2458 206 2507 lte
214 2474 280 2523 pares
290 2475 304 2506 a
313 2474 353 2507 me
364 2476 370 2506 ε
382 2460 502 2523 perierunt
511 2456 591 2521 judice
604 2457 688 2513 formae

207 2537 322 2601 Pergama
334 2555 340 2583 r
353 2535 407 2600 plus
417 2534 523 2596 laedunt,
533 2534 608 2600 quim
617 2538 684 2599 juvat
694 2550 740 2588 una
749 2568 757 2595 ‚
768 2534 829 2585 duae.
887 2552 931 2583 100

169 2615 273 2665 PRIMA
283 2612 333 2663 dies
345 2614 403 2668 ribi‚'
415 2612 495 2663 Cama
502 2646 511 2673 ‚
519 2610 597 2661 datur.
609 2610 661 2661 Dea
670 2610 771 2667 cardinis
779 2616 830 2670 hm:
841 2615 882 2669 est.

203 2692 310 2743 Numine
320 2691 400 2740 clausa
410 2693 503 2755 aperit,
515 2687 607 2739 claudit
614 2704 694 2753 aperta
703 2691 755 2745 suo.

168 2768 243 2819 Unde
250 2768 317 2818 datas
324 2769 410 2817 habeat
418 2770 495 2822 vires,
507 2767 630 2815 obscurior
640 2782 692 2817 aevo

205 2850 278 2898 fama
290 2866 298 2906 3
312 2846 353 2895 sed
369 2864 382 2897 e
399 2846 480 2895 nostro
496 2847 601 2903 carmine
613 2858 689 2893 certus
699 2848 753 2901 etit,

170 2925 274 2992 Adiacet
283 2926 375 2990 antiqui
386 2924 502 2971 Tiberino
514 2921 580 2971 lucus
592 2919 688 2969 Helerni
700 2939 708 2980 ;
779 2955 780 2958 ,
889 2944 931 2987 ¹05

207 3002 335 3053 Pontifices
347 3001 406 3050 illuc
413 3016 478 3049 nunc
489 3015 585 3065 quoque
595 3001 659 3048 sacra
667 2999 754 3049 ferunt.

173 3080 234 3137 lude
247 3080 298 3131 fata
308 3079 340 3129 est
349 3078 463 3145 Nymphe
470 3078 580 3132 :Gracco
588 3075 667 3134 dicere
677 3081 781 3144 prioress

894 1794 927 1838 90
