2325 3959
294 397 366 484 326
432 386 880 461 P.0vin11NAsouin

325 515 456 579 Tinstaque
468 513 592 563 mortiferi
603 514 655 563 tabe
667 514 749 578 sagitta
757 510 841 562 madet
851 530 858 560 a

294 590 366 651 Quod
377 592 461 656 procui
470 595 519 641 haec
531 596 595 656 regio
607 592 653 651 est,
663 596 687 641 δι
696 594 724 641 ab
734 595 801 640 omni
810 589 890 639 devia
903 590 1025 650 cursura

325 669 376 717 Nec
382 668 443 733 pede
452 670 501 736 qud
512 674 654 736 quisquam,
671 687 713 719 nec
725 686 774 719 rate
786 704 793 730 ,
807 684 879 718 tutus
893 684 965 719 eat.

293 746 350 795 Non
360 749 432 811 igitur
440 753 542 807 mirum,
554 748 626 797 finem
634 748 791 814 quarentibus
801 748 906 793 horum

247 824 276 870 30
325 824 405 873 Altera
413 828 432 872 si
442 826 511 873 nobis
522 842 595 891 usque
605 842 701 890 rogatur
712 827 807 873 humus.

294 901 330 949 Te
340 905 414 966 magis
425 904 456 957 est
466 905 554 951 mirum
564 918 614 951 nou
625 906 673 951 hoc
684 904 808 959 evincere,
820 902 931 965 coniux
946 916 959 957 a

326 979 400 1045 Inque
412 983 470 1028 meis
482 980 597 1041 lacrymas
605 976 670 1043 poffe
681 994 759 1028 tenere
768 976 847 1025 malis.

221 1054 225 1061 '
293 1055 360 1117 Quid
371 1057 456 1116 facias,
467 1060 567 1122 queris?
576 1072 665 1121 quatias
677 1060 723 1108 hoc
732 1056 821 1105 scilicet
833 1056 930 1119 ipsum
942 1073 952 1104 a

326 1135 431 1184 invenies
441 1169 448 1193 ,
462 1132 516 1183 veri
526 1138 545 1182 si
556 1137 657 1198 reperire
666 1133 741 1183 voles.

247 1222 273 1270 35
294 1212 362 1260 Velle
373 1229 455 1277 parum
466 1212 499 1260 est
511 1230 517 1259 ε
528 1215 623 1276 cupias,
635 1226 662 1260 ut
673 1228 696 1260 re
710 1212 824 1276 potiaris,
842 1224 986 1274 upon-teta

324 1290 354 1338 Et
361 1289 432 1338 faciat
443 1292 540 1339 somnos
551 1292 600 1338 haec
613 1290 655 1338 tibi
668 1291 821 1338 curabreves.

291 1367 360 1415 Velle
371 1368 534 1416 reormultos:
546 1372 599 1432 quis
610 1370 674 1415 enim
685 1369 744 1415 mihi
756 1381 805 1415 tam
816 1368 848 1415 sit
859 1367 998 1432 iniquus,
1075 1390 1077 1431 ς

239 1431 243 1439 ’
324 1445 397 1510 Optet
408 1445 549 1495 utensilium
557 1462 614 1510 pace
623 1461 699 1497 carere
708 1446 805 1493 meum?
1076 1450 1077 1461 ¹

291 1524 386 1572 penore
395 1532 420 1572 te
431 1538 500 1583 toto,
512 1526 648 1589 cundisque
663 1524 799 1571 incumbere
813 1522 896 1571 nervia
911 1554 924 1580 ,

243 1602 275 1645 40
324 1601 406 1649 Etniti
415 1618 458 1665 pro
468 1618 506 1649 me
519 1604 588 1650 node
601 1600 686 1667 dieque
694 1598 772 1649 decet.

290 1676 371 1743 thue
381 1682 463 1742 juvent
474 1678 529 1736 alii,
542 1693 568 1727 tu
579 1676 649 1727 debes
657 1681 751 1727 vincere
762 1680 872 1732 amicos,

322 1755 402 1811 Uxur3
415 1760 439 1803 δι
451 1753 481 1802 ad
493 1771 569 1818 partes
580 1760 658 1819 prima
670 1758 751 1805 venire
762 1770 822 1804 tuas.

289 1832 379 1896 Magna
390 1833 434 1880 tibi
445 1836 557 1896 imposita
567 1834 600 1881 est
610 1834 694 1882 nostris
706 1834 804 1898 persona
814 1831 926 1884 libellisa

322 1909 439 1975 conjugis
453 1910 588 1975 exemplum
597 1910 682 1961 diceris
690 1910 736 1961 efle
747 1912 823 1959 bone.

240 1993 268 2035 45
289 1989 356 2037 Hanc
367 2006 423 2039 cave
436 1988 576 2054 degeneres:
588 2004 615 2039 ut
625 1993 671 2039 sint
681 1992 799 2055 preconia
809 1987 892 2051 nqstra

320 2066 400 2126 Vera,
416 2066 485 2125 vide3
499 2069 575 2117 famae
586 2056 733 2133 quo'tuearis
744 2083 810 2131 opus.

289 2142 323 2192 Ut
330 2145 390 2192 nihil
399 2147 448 2209 ipse
458 2161 556 2209 querat,
568 2148 642 2195 tacito
653 2162 709 2203 me,
721 2147 793 2194 Fama
800 2159 913 2209 queretur
922 2179 935 2205 ,

321 2221 379 2281 Qua
390 2222 461 2272 debet
472 2241 481 2281 3
491 2222 563 2271 fuerit
571 2226 598 2271 ni
606 2225 649 2271 tibi
657 2238 712 2271 cura
721 2225 778 2271 mei.

288 2296 401 2362 Exposuit
415 2317 468 2351 mea
484 2318 523 2349 me
533 2301 624 2365 populo
636 2302 740 2350 Fortuna
750 2298 881 2349 videndum
892 2317 902 2358 5

241 2375 269 2419 50
318 2376 348 2424 Et
363 2376 415 2440 plue
424 2380 530 2431 notitiae,
543 2380 618 2443 quim
628 2378 674 2429 fuit
681 2394 751 2437 ante,
764 2375 841 2427 dedit.

286 2452 374 2501 Notior
388 2454 419 2503 est
430 2454 501 2503 fadus
516 2454 641 2519 Capaneus
653 2473 666 2505 a
677 2457 785 2505 fulminis
796 2458 857 2505 iun:

318 2530 395 2580 Notus
403 2535 477 2579 humo
484 2536 565 2581 mersis
573 2534 728 2599 Amphiaraus
738 2538 812 2600 equis.

285 2608 312 2655 Si
324 2611 401 2657 minue
412 2606 520 2667 emisa,
532 2626 603 2661 notua
614 2615 692 2661 minus
701 2610 760 2663 'effet
772 2610 877 2676 Ulyffeaa

320 2686 409 2749 Magna
420 2687 556 2747 Philoiietae
565 2688 662 2738 vulnere
674 2689 740 2740 fama
750 2691 792 2739 suo
803 2690 843 2739 est.

238 2774 264 2819 55
284 2764 308 2811 si
320 2762 386 2811 locus
394 2764 428 2813 est
436 2764 522 2830 aliquis
532 2781 598 2815 tanta
608 2769 669 2815 inter
680 2770 779 2817 uomina
788 2770 879 2832 parvis,

317 2839 368 2888 Nos
378 2857 473 2907 quoque
482 2845 622 2908 conspicuos
629 2843 707 2893 nostra
718 2848 785 2895 ruina
797 2845 862 2895 facit.

285 2917 336 2967 Nec
347 2933 369 2968 te
380 2921 463 2975 nesciri
474 2925 562 2985 patitur
569 2938 623 2971 mea
631 2924 730 2987 pagina,
741 2922 789 2989 qua
798 2938 848 2973 non

317 2994 416 3044 inferius
427 2996 481 3047 Coa
492 2997 587 3047 Battide
596 3014 686 3047 nomen
694 3000 775 3049 habea.

285 3070 408 3139 Quicquid
416 3090 472 3139 ages
481 3076 568 3139 igitur,
576 3075 647 3127 sceui
656 3077 786 3141 speuabere
795 3076 895 3143 magnas
