2325 3959
293 375 574 444 ansnruru
603 371 706 439 Lrn.
734 370 787 440 ΙΙ.
841 392 902 458 ¹95

125 501 128 504 '
195 491 256 554 Quis
269 493 335 544 lotus
347 495 379 544 est
387 493 483 560 templis
495 493 614 560 augustior
624 497 633 543 ἰ
645 495 695 543 haec
710 504 806 561 quoque
818 497 894 554 vitet,

229 573 256 622 In
268 573 363 639 culpam
375 575 394 622 si
404 589 451 638 qua
462 573 494 622 est
504 573 627 637 ingeniosa
636 574 712 621 suam.

196 649 262 701 Cum
271 652 362 700 ‘steterit
376 651 441 701 Iovis
449 649 498 699 aede
508 685 516 710 ‚
528 651 594 699 Jovis
602 651 721 699 succurret
729 652 756 700 in
766 649 830 705 aedc,

230 728 311 788 Quini
327 729 413 778 multas
426 743 512 778 matres
523 727 607 776 fecerit
616 727 657 777 ille
668 727 742 776 Deus.
915 748 963 792 ²90

135 833 137 837 ι
198 804 311 854 Proxima
321 805 431 856 adoranti
441 805 452 855 J
455 809 544 855 unonia
555 805 645 871 templa
653 799 756 868 subibit,

218 898 220 902 ’
231 881 357 932 Pellicibus
368 883 518 932 multishanc
529 879 631 932 doluisse
638 880 726 933 Deam.

199 958 296 1012 Pallade
307 962 444 1028 conspecti,
462 977 545 1012 natum
557 960 587 1011 de
598 965 698 1011 crimine
709 964 778 1028 virgo

232 1041 355 1090 Sustulerir
374 1057 460 1108 quare,
476 1056 583 1107 quaeret,
599 1039 794 1090 Erichthonium.

198 1117 296 1168 Venerit
307 1123 332 1168 in
343 1122 424 1184 magni
436 1118 554 1184 templum
565 1154 572 1179 ,
588 1133 628 1168 tua
638 1135 753 1179 munera,
764 1117 866 1177 Martist
918 1127 962 1174 295

230 1201 283 1248 Stat
294 1197 374 1247 Venus
383 1197 465 1247 Ultori
476 1201 555 1262 junsia
564 1201 617 1246 viro
625 1213 679 1246 ante
690 1198 762 1246 sores.
960 1189 962 1195 ’

199 1273 268 1324 lsidis
279 1270 328 1323 tede
340 1273 436 1334 sedens,
448 1291 489 1323 cur
501 1277 561 1324 hanc
574 1277 699 1336 Saturnia,
713 1288 818 1340 quaeret,

232 1352 314 1416 Egerit
327 1353 396 1401 Ionio
407 1353 572 1416 Bosporioque
586 1356 656 1401 mari.

199 1429 228 1480 In
239 1430 331 1478 Venere
342 1430 472 1490 Anchises,
483 1432 508 1478 in
522 1429 591 1479 Luna
602 1431 709 1479 Latmius
721 1430 807 1492 heros,
824 1493 826 1495 ‚

234 1508 261 1556 In
278 1505 365 1558 Cerere
376 1507 468 1567 Iarion,
480 1509 522 1572 qui
534 1505 665 1569 referatur,
678 1511 732 1559 erit.
924 1516 969 1570 3c0

201 1585 291 1634 Omnia
301 1587 419 1652 perversas
428 1583 526 1651 possunt
536 1603 690 1653 corrumpere
700 1603 806 1640 mentest

76 1687 78 1690 ·
158 1717 159 1720 ,
234 1666 302 1714 Stant
314 1679 392 1714 tamen
402 1663 444 1714 illa
455 1665 501 1714 suis
513 1669 596 1714 omnia
607 1681 658 1715 tuta
668 1667 737 1720 locis.

124 1761 125 1764 ¹
201 1743 234 1792 At
242 1737 327 1808 procus
337 1745 366 1790 ab
378 1743 464 1809 scripta
476 1743 533 1793 solis
544 1745 707 1795 meretricibus
718 1747 775 1796 Arte

235 1822 366 1872 submovet
377 1823 491 1886 ingenuas
503 1825 590 1888 pagina
600 1825 677 1888 prima
686 1839 768 1872 nurus,

204 1900 368 1964 Quacumque
379 1902 508 1964 irrumpit,
521 1899 570 1964 quo
579 1917 629 1949 non
637 1903 693 1950 sinit
703 1903 738 1949 ire
749 1901 857 1953 sacerdos
864 1939 872 1964 ,
925 1918 967 1966 305

237 1979 348 2026 Protinus
360 1978 485 2026 hoc'vetiti
497 1979 604 2026 criminis
612 1979 661 2027 asta
672 1976 760 2027 reaest.

203 2055 255 2107 Nee
269 2070 349 2104 tamen
358 2054 391 2102 est
400 2053 492 2103 facinus
505 2054 593 2104 molles
606 2056 716 2105 evolvere
727 2057 822 2106 versute

201 2157 211 2172 ε
235 2129 318 2184 Multa
331 2131 388 2181 licet
400 2131 466 2183 castae
476 2147 527 2181 non
538 2130 647 2182 facienda
658 2133 748 2198 legant.

204 2213 269 2277 Saepe
279 2208 397 2276 supercilii
409 2207 484 2258 nudas
493 2220 603 2260 matrona
614 2212 705 2271 severi,

237 2289 268 2338 Et
282 2289 377 2338 Veneris
389 2289 472 2336 stantes
483 2282 515 2338 'a'd
525 2303 599 2352 genus
610 2305 683 2337 omne
692 2323 701 2349 ,
717 2286 793 2340 videt.
927 2314 972 2364 3¹⁰

204 2365 315 2434 Corpora
324 2365 429 2417 vestales
446 2365 512 2415 oculi
526 2367 661 2415 meretricia
671 2381 789 2416 cernunt:

238 2447 291 2495 Nec
302 2443 403 2495 domino
418 2459 495 2509 poenae
505 2458 541 2492 res
551 2461 578 2493 ea
589 2446 659 2495 causa
670 2445 724 2494 suit.

205 2526 237 2574 At
247 2541 289 2574 cur
305 2527 330 2572 in
341 2521 419 2572 nostrai
431 2525 507 2570 nimia
519 2522 551 2570 est
562 2521 657 2571 lascivia
668 2523 757 2572 Musai?

239 2601 320 2652 Corve
331 2616 397 2649 meus
413 2604 524 2666 cuiquam
537 2597 619 2649 suadet
629 2616 708 2650 amare
719 2601 795 2656 liber?

207 2677 251 2730 Nil
263 2680 309 2726 nisi
319 2692 459 2742 peccatum,
471 2677 642 2742 manifestaque
651 2679 731 2745 culpa,
741 2681 865 2734 fatendum
876 2685 970 2741 esr2313

240 2755 344 2806 Poeniter
354 2758 444 2820 Ingenii
454 2753 585 2821 judiciique
599 2759 656 2804 mei.

208 2834 260 2888 Cur
271 2849 338 2894 non,
350 2833 467 2898 Argolicis
477 2832 556 2897 potitis
567 2849 620 2899 quae
631 2833 739 2886 concidit
745 2841 816 2888 armis
826 2873 835 2900 ,

242 2915 333 2964 Vexata
344 2912 376 2961 est
386 2915 473 2960 iter'um
482 2913 603 2972 carmine,
615 2913 690 2979 Troja
704 2949 712 2974 ‚
723 2920 795 2966 meo?

209 2989 263 3046 Cur
273 2994 336 3042 tacui
346 2991 441 3042 Thebas
450 3025 458 3051 ‚
474 2993 499 3039 δι
510 2997 594 3039 mutua
604 2989 703 3042 vulnera
712 2992 812 3044 fratrum
822 3000 831 3045 ἓ

243 3072 274 3122 Et
287 3073 376 3138 septem
392 3081 488 3136 portas,
501 3069 543 3118 sub
557 3065 619 3120 duce
629 3086 750 3138 quamque
763 3073 805 3121 suo
817 3077 825 3122 Ξ
927 3083 973 3132 320

775 3154 821 3223 rsj
