2325 3959
226 436 371 504 Emer.
399 449 456 503 nx
478 432 632 503 Pouuo
655 432 693 501 L.
718 434 767 503 ΙΙ.
799 450 861 521 301

178 554 286 607 fuderit
302 556 406 608 assiduas
423 556 520 605 nubilus
534 556 616 605 Auster
633 570 723 621 aquas,

140 630 258 684 Lumine
273 636 363 685 coelessi
378 634 460 683 Solem
474 631 563 683 fulsisse
573 636 699 693 serenum,

182 710 257 760 Cum
275 712 359 777 populi
374 713 443 761 vultu
458 716 615 762 conveniente
629 710 677 761 die.

85 795 87 798 '
139 788 235 852 -Atque
251 793 285 838 ita
300 793 436 849 viderem,
451 806 506 838 cum
527 806 616 854 niagno
633 792 699 839 vocis
717 790 821 842 honore,

182 865 281 915 Bellica
298 865 481 917 laudatisvdona
495 865 585 917 dediffe
599 870 656 917 viris
675 886 681 915 τ
889 886 919 935 30

146 939 280 1008 Claraque
294 946 427 993 sumturum
443 947 515 1009 pislas
531 947 633 1009 insignia
645 943 730 1004 vestes,

189 1020 261 1069 Tura
271 1020 335 1086 prisia
346 1014 428 1070 sanilis
439 1020 576 1086 imposuisse
587 1022 647 1084 focis
659 1042 665 1071 ε

147 1096 322 1166 iustitiamque
333 1103 367 1149 sui
379 1090 438 1149 calle
448 1099 550 1165 placaile
560 1101 680 1156 Parentis,

184 1176 236 1225 lllo
248 1194 300 1243 quae
314 1178 432 1243 templum
442 1180 535 1242 pedore
548 1179 638 1243 semper
649 1179 729 1226 habet.

150 1253 258 1319 Quaque
276 1258 346 1309 ierit,
361 1255 419 1304 felix
435 1253 552 1319 adieslum
574 1256 693 1319 plausibus
711 1270 784 1306 omen
794 1287 803 1315 ,
890 1274 918 1320 35

186 1329 295 1397 Saxaque
305 1334 390 1379 rotatis
401 1329 517 1379 erubuisse
527 1335 595 1380 rosis.
828 1330 831 1337 ¹

152 1406 270 1455 Protinus
283 1422 382 1472 argento
397 1410 476 1458 versos
492 1411 612 1458 imitantia
630 1424 730 1471 muros,

188 1473 293 1533 Barbara
309 1502 364 1534 cum
381 1488 448 1534 vidis
466 1486 554 1550 oppida
565 1487 614 1535 lata
622 1490 686 1536 viris.

154 1560 334 1628 fluminaque,
348 1566 373 1611 ἃ
389 1578 499 1622 montes,
515 1566 539 1612 δι
553 1565 579 1612 in
596 1565 649 1613 altis
666 1567 752 1630 pascua
771 1563 851 1626 silvis,

188 1640 309 1703 Armaque
324 1656 379 1688 cum
396 1640 449 1688 telis
464 1644 488 1688 in
505 1641 565 1690 strue
583 1645 658 1691 mixta
676 1645 730 1692 suis.
887 1665 922 1713 40

95 1776 108 1787 ⁶
136 1743 140 1750 =
155 1712 244 1779 Deque
260 1720 426 1782 triumphato,
443 1715 509 1783 quod
527 1719 567 1767 Sol
585 1718 735 1776 incenderit,
750 1738 808 1775 auro

173 1784 176 1791 ¹
188 1795 265 1843 Aurea
275 1796 378 1844 Romani
390 1798 448 1845 reela
460 1794 528 1845 fuilse
539 1797 595 1846 fori.

156 1869 255 1935 Totque
272 1870 350 1921 tulisse
365 1871 437 1922 duces
452 1877 550 1937 captivis
568 1874 649 1925 addita
664 1876 733 1925 collis

190 1948 312 2008 Vincula,
327 1966 393 2013 pane
408 1950 484 1998 hostes
494 1966 555 2015 quot
566 1954 621 1999 satis
632 1950 677 2001 elle
690 1953 744 2001 suit.

157 2024 267 2074 Maxima
277 2042 329 2090 pars
338 2029 425 2074 horum
437 2030 511 2075 vitam
523 2031 663 2093 veniamque
675 2029 799 2077 tulerunt:
887 2055 917 2101 45

192 2102 218 2149 ln
236 2104 321 2167 quibus
336 2107 360 2152 δε
377 2102 434 2173 belli
449 2105 541 2152 summa
556 2120 673 2169 caputque
685 2105 756 2153 Bato,

160 2177 212 2228 Cur
223 2196 267 2244 ego
277 2177 343 2244 poffe
354 2197 440 2246 negem
457 2183 534 2231 minui
549 2185 609 2230 mihi
620 2182 731 2231 Numinis
741 2185 818 2237 iram,

193 2254 257 2305 cum
267 2255 362 2305 videam
372 2262 441 2307 mites
452 2258 557 2307 hostibus
569 2256 615 2307 else
625 2258 708 2309 Deos?

161 2331 260 2383 Pertulit
271 2337 316 2383 huc
328 2333 394 2384 idern
407 2337 476 2385 nobis
488 2371 496 2395 ,
514 2336 675 2396 Germanice,
691 2353 774 2386 rumor
785 2370 794 2397 ,

193 2411 286 2477 Oppida
297 2415 339 2461 sub
351 2413 423 2463 titulo
433 2416 539 2463 nominis
549 2412 591 2463 isse
604 2418 647 2463 tui.
891 2435 922 2481 50

162 2488 238 2553 Atque
248 2507 288 2547 ea,
300 2506 324 2540 te
334 2507 432 2552 contra,
444 2509 487 2541 nec
498 2495 560 2541 muri
570 2493 652 2552 mole,
665 2508 708 2541 nec
719 2493 808 2551 armis,

194 2566 243 2614 Nec
261 2569 316 2617 satis
333 2572 431 2632 ingenio
448 2584 499 2618 tuta
514 2567 583 2618 fuiffe
601 2569 656 2619 loci.

163 2640 196 2691 Di
207 2646 248 2691 tibi
259 2642 316 2693 dent
326 2647 415 2693 annos!
433 2663 446 2695 a
464 2661 487 2694 te
501 2663 558 2694 nam
570 2662 647 2695 cetera
657 2649 733 2696 sumes
740 2664 750 2707 3

195 2722 245 2769 Sint
254 2720 329 2770 tnodri
339 2726 422 2772 virtuti
433 2737 541 2787 tempora
551 2724 624 2788 longa
636 2740 690 2773 tuae.

164 2797 233 2860 Quod
243 2814 342 2862 precor,
354 2803 462 2849 eveniet:
475 2802 529 2849 sunt
540 2800 656 2866 quiddam
667 2801 762 2851 oracula
776 2816 867 2855 varum.
889 2826 916 2872 55

195 2876 255 2926 Nam
273 2876 339 2925 Deus
358 2881 452 2941 optanti
467 2880 578 2943 prospera
594 2882 659 2943 signa
679 2876 753 2929 dedit.

165 2956 200 3005 Te
214 2970 308 3020 quoque
323 2957 437 3005 vislorem
455 2956 566 3021 Tarpeias
581 2955 691 3006 scandere
707 2959 733 3007 in
748 2974 814 3009 arces
853 2992 857 2997 -

195 3032 255 3080 Lata
271 3035 391 3082 coronatis
409 3032 486 3081 Roma
499 3030 591 3083 videbit
606 3037 681 3100 equis.

166 3109 315 3190 Maurosque
332 3111 400 3161 Pater
413 3114 464 3161 nati
480 3112 592 3177 spellabit
606 3114 728 3175 honores,
