2325 3959
263 380 531 445 Tarrrrutr
562 369 660 435 Lrn.
702 367 747 436 V.
801 387 869 456 257

179 496 303 561 Deponat
316 496 428 556 lacrymis
439 490 525 557 pocula
535 492 610 540 mixta
621 490 679 537 suis:
892 500 921 547 50
989 490 993 500 ‘

140 572 349 638 Admonitusque
361 574 423 625 mei,
435 569 491 619 ctim
501 569 693 631 circumspexerit
704 582 804 625 omncs,

183 652 280 711 Dicar,
292 650 343 698 Ubi
354 649 386 697 est
397 648 470 697 nostri
481 663 533 711 pars
543 644 619 695 modo
630 644 696 695 Naso
708 646 787 693 chorii

142 726 231 791 quue
244 731 278 776 ira
290 762 299 787 ,
310 730 330 775 si
340 726 442 777 vestrum
452 727 529 773 merui
539 722 643 773 candore
653 722 760 773 favorem
771 740 788 787 5Ι

175 805 312 871 ¹Nullaque
323 802 415 869 judicio
427 803 494 851 litera
504 802 556 850 laesa
567 818 623 849 meo
636 801 676 849 est.

144 883 171 928 Si
183 916 192 940 ,
208 870 320 930 veterum
328 879 400 945 digni
409 897 509 931 veneror
519 878 574 928 crim
585 882 671 943 scripta
680 880 805 939 virorum,
892 892 917 937 55

183 961 300 1008 Proxima
312 975 362 1008 non
374 958 422 1006 iilis
432 954 478 1007 effe
489 960 583 1007 minora
594 972 655 1005 teor.

145 1038 188 1085 Sic
201 1039 278 1100 igitur
288 1034 372 1085 dextro
385 1036 478 1085 faciatis
487 1035 601 1100 Apolline
612 1049 724 1083 carmen:

183 1111 263 1173 Quod
275 1113 332 1166 licet
344 1149 352 1176 ‚
370 1116 431 1163 inter
441 1130 485 1166 vos
495 1129 586 1163 nomen
596 1114 682 1163 habere
692 1126 783 1161 meum.

147 1234 892 1332 cae-..u-:r-Qmaa

325 1416 577 1478 ELEGIA
617 1414 694 1477 lv.

151 1508 302 1629 {mou
313 1580 344 1628 ab
356 1579 451 1629 Euxino
463 1578 565 1629 Nasonis
578 1575 684 1643 Epistola
693 1546 765 1636 teni,

185 1654 301 1722 Lassaque
313 1657 373 1706 faila
383 1661 460 1713 mari,
474 1655 578 1723 lassaque
592 1656 654 1707 facia
671 1654 720 1705 via.

150 1732 200 1793 Qui
212 1736 273 1783 mihi
286 1734 345 1784 flens
356 1733 439 1802 dixit,k
449 1736 505 1795 Tu,
521 1738 560 1784 cui
570 1735 643 1794 licet,
655 1735 731 1797 aspice
744 1733 856 1781 Romam.

184 1812 248 1861 Heu!
262 1827 354 1877 quanto
365 1815 452 1862 melior
462 1815 511 1862 sors
521 1828 560 1863 tua
573 1814 637 1862 sorte
649 1811 718 1859 mei!

149 1888 220 1937 flens
231 1905 327 1953 quoque
335 1908 375 1939 me
386 1894 478 1954 scripsit
489 1909 495 1938 ε
508 1907 552 1939 nec
563 1890 612 1955 qui
623 1891 745 1953 signabat,
756 1888 786 1939 ad
797 1906 823 1939 os
835 1888 867 1937 est
888 1896 899 1940 t

184 1967 262 2020 Ante,
276 1965 317 2015 sed
329 1963 361 2015 ad
372 1966 480 2016 madidas
489 1984 585 2031 gemma
595 1967 669 2015 relata
680 1982 759 2031 genas.

153 2044 265 2093 Tristitia
273 2046 367 2093 causam
378 2048 397 2092 si
408 2046 461 2109 quis
474 2046 617 2107 cognoscere
628 2048 712 2108 quaerit
719 2060 727 2101 3

185 2120 283 2171 Ostendi
299 2121 374 2170 solem
386 2121 490 2186 poiiulat
499 2122 542 2170 ille
551 2122 605 2170 sibi.

153 2197 205 2249 Nec
216 2197 327 2249 frondem
337 2202 363 2248 in
373 2199 439 2248 tiivis
449 2234 457 2259 ,
468 2216 512 2249 nec
520 2213 603 2264 aperto
614 2198 698 2248 mollia
709 2211 778 2262 prato

185 2278 298 2325 Gramina
314 2310 323 2337 ‚
336 2294 380 2327 nec
391 2278 464 2342 pleno
475 2276 575 2327 flumine
586 2280 662 2326 ceruit
672 2292 752 2341 aquas.
888 2282 916 2314 ¹⁸

154 2352 217 2413 Quid
228 2355 333 2403 Priamus
343 2352 438 2413 doleat,
454 2355 598 2413 mirabitur,
612 2354 712 2402 Hesiore
723 2368 807 2420 rapto3

186 2429 278 2489 Quidve
288 2432 430 2481 Philoctetes
440 2420 498 2485 isius
509 2433 538 2480 ab
548 2448 624 2497 angue
636 2447 724 2496 gemat.
799 2465 803 2473 -

156 2508 190 2558 Di
202 2509 303 2558 facerent
314 2513 406 2558 urinam
416 2542 426 2569 ,
435 2510 489 2559 talis
501 2510 573 2559 status
584 2507 641 2559 effer
649 2512 674 2559 in
684 2510 742 2570 illo,
757 2524 759 2527 ’

187 2586 219 2633 Ur
229 2602 278 2633 non
288 2586 386 2635 tristitiae
398 2589 467 2635 causa
476 2585 581 2636 dolenda
593 2586 663 2635 soret.

158 2666 209 2713 Fert
222 2678 299 2714 tamen
310 2698 319 2722 ,
336 2660 362 2711 u't
372 2662 462 2722 debet,
478 2666 544 2712 casus
554 2666 671 2727 patienter
681 2680 788 2715 amaros:

187 2741 253 2790 More
264 2756 308 2792 nec
317 2738 432 2789 indomiti
439 2741 505 2790 frena
516 2743 607 2790 recusat
615 2744 678 2807 equi.
688 2751 693 2756 '

158 2820 206 2870 Nec
219 2819 268 2868 fore
279 2833 417 2882 perpetuam
431 2821 506 2883 sperat
517 2821 561 2866 sibi
574 2821 765 2882 numinisiram,

188 2897 299 2947 Conscius
315 2898 341 2944 in
352 2894 423 2961 culpi
432 2912 483 2944 non
493 2895 568 2944 scelus
579 2894 626 2945 eise
637 2896 686 2945 sui.

159 2978 217 3039 sape
229 2973 316 3032 refert,
327 2976 357 3023 rit
367 2988 456 3040 quanta
466 2969 514 3025 Dei
529 2962 670 3025 clementia:
683 2978 749 3041 cujus

189 3055 214 3104 Se
224 3068 317 3121 quoque
328 3055 354 3101 in
362 3052 475 3119 exemplis
485 3067 640 3103 annumerare
651 3053 721 3105 solet.
881 3056 911 3091 ²⁰
