2325 3959
217 398 513 467 FAsronvrt
541 398 646 467 er.
677 400 747 471 IV.
799 424 840 487 93

165 516 230 567 Tuta
240 518 287 568 suit
298 519 360 569 iasio
371 537 378 567 t
390 534 481 584 vosque
493 517 580 569 referre
596 522 671 585 jubet.

133 594 223 644 Discite
235 612 314 653 nunc,
334 612 406 662 quate
417 598 527 646 fortuna
539 611 592 647 tura
601 598 673 649 Virili
851 605 892 651 ¹45

169 671 236 721 Deris
250 690 295 732 eo,
314 672 395 725 calida
404 675 446 741 qui
456 673 693 747 locushumtraqua·

134 749 229 815 Accipit
243 750 285 800 ille
300 750 384 810 lotus,
395 750 619 815 potitovelrmine,
632 756 741 816 cursim

168 827 199 877 Er
212 831 300 877 vitium
310 826 370 876 nudi
379 831 485 892 corporis
496 844 569 878 omne
579 829 656 880 videt.

136 904 172 954 Ur
183 921 248 971 tegat
260 909 324 968 hoc,
341 906 449 972 celetque
458 909 539 967 vitoe,
553 908 658 959 Fortuna
672 910 754 959 Virilis

81 1026 86 1035 .
169 986 281 1035 Praestarr
294 990 318 1035 it
331 986 396 1040 hoe,
411 999 485 1050 parvo
497 1001 548 1034 tute
558 994 659 1051 rogata,
677 987 744 1038 satit.

136 1062 187 1115 Nec
201 1067 282 1129 pigeat
290 1062 362 1113 niveo
373 1066 457 1112 tritum
469 1080 525 1112 cum
536 1062 595 1115 latre
604 1082 705 1130 papaver

169 1143 284 1197 Sumere,
295 1145 321 1191 ot
339 1144 450 1206 expressis
463 1140 537 1190 mella
553 1142 643 1208 liquata
658 1143 726 1192 srvis.

136 1218 203 1273 Crirn
214 1218 319 1284 primtlrn
330 1218 419 1283 cupido
430 1218 511 1266 Venus
530 1219 562 1267 est
571 1217 671 1269 deducit
681 1223 769 1270 marito
783 1256 792 1280 ,

171 1295 224 1343 Hoc
241 1294 303 1343 bibit
313 1312 320 1340 t
332 1309 360 1341 ex
370 1293 415 1341 illo
428 1307 536 1357 tempore
544 1309 618 1357 nupta
633 1295 687 1344 fuit.

137 1370 288 1435 Supplicibus
301 1370 380 1419 verbis
392 1368 464 1417 illam
473 1368 583 1438 placate:
596 1373 638 1419 sub
649 1372 692 1421 illa

173 1448 204 1497 Er
221 1446 318 1506 forma,
337 1450 363 1494 δι
375 1462 471 1504 mores,
483 1448 507 1493 δι
517 1446 581 1495 bona
591 1446 770 1509 sarnamrnent.

139 1525 218 1575 Roma
235 1520 350 1588 pudicitii
365 1539 510 1587 proavorum
521 1537 628 1589 tempore
638 1525 702 1591 lapsa
716 1526 763 1579 este

173 1600 319 1659 Cumaeam,
338 1616 446 1660 veteres,
463 1600 611 1651 consuluistis
625 1620 709 1654 attunt.

141 1678 246 1744 Templa
254 1680 322 1744 jubet
333 1678 420 1727 Veneri
434 1676 486 1727 fieti
499 1697 506 1726 r
518 1682 605 1745 quibus
618 1680 702 1732 ordine
715 1683 800 1746 stilis,

76 1745 77 1748 ¹
172 1756 232 1807 Inde
242 1757 322 1807 Venor
339 1758 408 1805 verso
418 1759 518 1806 nomina
527 1756 600 1808 corde
612 1775 685 1811 tenet.

140 1838 241 1900 Semper
251 1833 281 1884 ad
293 1832 410 1883 AEnerdss
419 1832 536 1905 placido,
554 1837 728 1901 pulcherrima,
738 1842 808 1891 vultu

174 1915 292 1978 Respice:
305 1925 390 1976 torque
398 1927 470 1966 tuas.
490 1912 567 1972 Diva,
585 1928 649 1963 tuere
660 1932 742 1967 nurus.

142 1992 210 2041 Dum
225 1991 313 2055 loquor
325 2023 334 2047 ‚
344 1988 411 2036 elate
422 1988 563 2038 metuendus
579 1996 690 2041 acumine
702 1994 800 2059 c'audae,

176 2071 287 2133 Scorpios
299 2069 325 2114 in
336 2063 422 2115 virides
438 2068 598 2130 precipitatur
608 2084 689 2134 aquas.

143 2145 218 2195 Nox
233 2146 275 2193 ubi
286 2145 421 2197 annuerit,
432 2142 571 2209 celumque
581 2147 702 2197 rubescere
713 2150 792 2213 primo

177 2222 288 2286 Coeperit
299 2254 308 2281 ,
320 2225 345 2270 δι
362 2222 427 2270 teile
437 2237 491 2269 rore
502 2238 631 2287 querentur
642 2241 713 2285 aven

142 2302 323 2366 Semuslernque
333 2298 409 2348 secem
422 2334 431 2359 ‚
443 2299 543 2365 vigilati
553 2303 622 2353 noue
631 2338 639 2362 ‚
649 2306 729 2356 viator

177 2381 270 2439 Ponet,
289 2376 354 2427 &ad
366 2377 464 2426 solitum
478 2378 576 2429 rusticus
586 2382 633 2431 ibit
643 2398 720 2447 opust

143 2456 238 2509 Pliades
255 2458 373 2521 incipiunt
390 2459 502 2505 humeros
514 2458 618 2507 relevare
633 2476 761 2525 paternos,

177 2535 238 2595 Quae
253 2535 343 2598 septem
355 2531 419 2587 dici.
432 2536 470 2581 sert
482 2548 563 2585 tamen
574 2534 621 2586 effe
633 2572 641 2597 ,
658 2540 745 2591 solent.

144 2615 192 2664 Seu
200 2610 267 2678 quod
277 2616 301 2660 in
311 2612 447 2676 amplexum
457 2614 496 2660 sex
507 2615 563 2662 hinc
574 2632 658 2666 venere
667 2618 776 2671 Deorum
787 2640 796 2683 3

180 2690 246 2739 Nam
263 2691 377 2752 Steropen
388 2689 463 2738 Marti
474 2690 627 2742 concubuisse
639 2694 734 2759 ferunr3

145 2766 263 2831 Neptuno
274 2756 415 2826 Halcyonen
427 2800 436 2824 ,
447 2770 472 2815 δι
485 2781 526 2827 te,
543 2768 649 2821 formosa
663 2773 778 2841 Celaen03

181 2844 283 2908 Maian,
305 2846 329 2890 δι
349 2842 468 2897 Elestran.
486 2844 657 2914 Taygetenque
671 2852 747 2915 .lovi;

147 2925 256 2988 Septima
267 2918 364 2969 mortali
376 2920 476 2985 Merope
484 2923 544 2981 tibi,
561 2926 675 2989 Sisyphe,
687 2936 776 3000 nupsit,
859 2914 862 2925 ¹

181 3002 304 3055 Poenltct‚
319 3003 344 3048 δι
356 2998 412 3048 fani
421 2999 471 3047 sola
483 2998 574 3064 pudore
583 3003 649 3055 later.

147 3079 204 3131 Sive
215 3076 282 3147 quod
298 3078 390 3129 menta
406 3078 487 3144 Trojae
497 3080 597 3146 speltore
608 3086 686 3135 ruinas
