2325 3959
187 460 193 468 .
259 407 401 472 Error.
425 402 657 471 exPouro
683 405 774 472 LI.
810 408 873 471 281

192 522 250 572 Nec
261 528 339 573 minua
347 523 460 583 inselius,
471 522 546 588 quim
559 522 622 582 fuit,
632 521 679 573 effe
691 524 774 590 porell.

91 601 93 630 i
155 599 229 649 Tum
243 619 342 668 quoque
353 602 389 651 nil
404 601 481 666 fecit,
495 604 541 649 nisi
553 600 620 666 quod
633 600 709 651 facere
717 602 765 666 ipse
775 604 861 667 coegi,

195 674 270 722 Paene
282 678 356 723 etiam
367 678 455 725 merito
465 676 557 739 parcior
571 678 606 722 ira
619 692 684 725 meo.

91 773 93 790 ‹
156 747 195 795 Di
209 749 303 799 faciant
313 754 403 815 igitur,
414 766 518 816 quorum
527 754 667 801 mitissimus
678 754 726 817 ipse
738 753 788 813 est,

193 827 270 877 Alma
279 829 340 877 nihil
351 833 427 894 majus
437 828 529 879 Caesare
539 843 601 878 terra
612 828 681 878 serat.
747 873 750 885 ,
880 850 927 883 tco

155 899 247 965 thue
259 899 302 952 diu
314 904 356 953 sub
372 920 401 953 eo
410 900 445 953 'rit
454 902 550 967 publica
560 905 651 952 sarcina
662 919 758 953 rerumr

193 980 288 1044 Perque
303 996 387 1029 manue
397 982 466 1045 hujus
477 977 564 1029 tradita
573 981 650 1043 gentis
662 993 710 1029 eat.

155 1057 190 1105 At
202 1071 231 1105 tu
241 1090 250 1116 ,
262 1070 312 1105 tam
319 1054 425 1122 placido,
434 1056 508 1122 quim
518 1073 562 1107 noa
571 1072 669 1123 quoque
676 1058 878 1118 sensimusillum,

192 1132 280 1184 ludice
293 1169 301 1195 ,
317 1152 361 1200 pro
373 1135 484 1197 lacrymis
495 1151 537 1184 ora
547 1134 639 1183 resolve
648 1138 717 1183 meis.
790 1178 792 1181 .

92 1200 101 1241 ’-
155 1210 219 1260 Νοιι
229 1215 308 1276 petito
322 1228 349 1263 ut
364 1213 424 1261 bene
435 1215 484 1272 rit,
495 1210 582 1262 seduci
593 1210 655 1261 maid
667 1216 758 1273 tutius,
771 1228 844 1280 utque
880 1230 901 1263 ιτ.
912 1233 923 1279 5

191 1289 311 1354 Exsilium
322 1292 385 1340 saevo
395 1288 466 1338 disier
475 1291 505 1337 ab
515 1288 581 1337 hoste
593 1305 684 1337 meum.

155 1366 289 1433 Quamque
304 1365 389 1417 dedite
399 1370 460 1415 mihi
471 1367 595 1431 prasentia
605 1368 703 1415 numina
712 1368 805 1426 vitam,

191 1444 252 1494 Non
262 1443 354 1502 adimat
367 1444 446 1493 siricio
458 1441 579 1509 squalidae
593 1444 646 1493 ense
658 1443 738 1492 Getes.

125 1512 127 1516 ’
155 1519 289 1585 Denique,
306 1523 445 1579 emoriar,
458 1521 558 1569 subeant
568 1523 674 1585 pacatius
688 1536 772 1569 arvum

190 1594 250 1648 offa
260 1633 269 1658 ‚
279 1615 324 1648 uec
335 1615 350 1648 a
360 1597 473 1661 Scythici
483 1598 563 1647 nostra
575 1612 713 1663 premantur
723 1599 808 1647 humo.
877 1621 921 1653 110

155 1675 209 1724 Nec
220 1675 284 1725 mali
293 1679 459 1742 compotitur,
469 1691 497 1725 ut
502 1675 594 1725 seilicet
601 1675 679 1725 exsule
691 1674 806 1741 dignum,

84 1758 87 1767 ¹
188 1754 289 1803 Bistonii
299 1757 389 1804 cinerea
400 1753 489 1819 ungula
499 1753 577 1819 pulset
588 1754 651 1819 equi.

154 1829 187 1880 Et
200 1848 250 1890 ue,
269 1836 289 1881 ei
302 1833 404 1897 superesi
413 1830 507 1898 aliquid
514 1832 566 1898 post
577 1830 765 1894 suscenseretis,

188 1909 287 1959 Terreat
302 1909 343 1959 hic
352 1926 435 1959 maner
444 1912 557 1960 Sarmatic
566 1912 651 1960 umbra
663 1926 738 1959 meos.

155 1974 255 2034 Caesarir
265 1989 315 2035 hec
326 1990 434 2035 animum
447 2001 557 2050 poteraut
567 1985 649 2037 auditu
658 2002 769 2041 movere,
874 2004 914 2050 ¹15
968 2021 970 2025 -

189 2064 296 2114 Maxime
306 2081 314 2121 ς
326 2061 456 2129 movisseut
467 2068 486 2111 si
498 2078 578 2112 tamen
589 2078 642 2113 aute
651 2078 730 2111 tuum.

158 2140 225 2198 Vox,
243 2157 344 2205 precor,
359 2141 473 2204 Augustas
484 2158 527 2205 pro
540 2158 580 2189 me
596 2156 636 2189 tua
648 2140 746 2189 molliat
755 2156 835 2199 aures,

186 2219 284 2267 Auxilio
297 2217 394 2282 trepidis
404 2235 457 2284 quae
468 2218 529 2267 solet
540 2215 587 2268 effe
597 2220 650 2267 reis.

155 2294 296 2362 Affuetique
307 2298 351 2346 tibi
362 2294 436 2345 dolie
444 2294 571 2345 dulcedine
581 2296 669 2359 liuguae

188 2374 307 2441 AEquaudi
316 2376 409 2439 Superis
421 2376 515 2439 pedore
525 2372 592 2421 fleste
602 2376 657 2422 viri.
871 2378 915 2409 ¹²0

155 2454 264 2504 Nontibi
272 2449 460 2510 Theromedon,
472 2449 587 2500 crudusve
600 2450 722 2515 rogabitur
733 2448 831 2505 Atreum

188 2532 280 2594 Quique
291 2532 338 2577 suis
347 2531 456 2577 homines
468 2527 553 2591 pabula
564 2529 622 2578 fecit
633 2530 711 2593 equis:

158 2607 202 2658 Sed
218 2610 283 2671 piger
294 2605 325 2654 ad
332 2622 414 2671 poeuas
425 2606 551 2669 Princeps,
570 2604 601 2654 ad
611 2609 707 2673 praemia
718 2604 787 2654 velox
799 2624 804 2652 :

188 2684 280 2749 Quique
292 2681 375 2743 dolet,
389 2688 482 2750 quoties
495 2687 589 2748 cogitur
604 2680 650 2732 else
662 2683 744 2732 ferox:
789 2724 792 2730 .

158 2763 204 2823 Qui
213 2763 271 2813 vicit
284 2762 393 2826 semper,
408 2764 476 2810 victis
486 2776 513 2810 ut
523 2777 617 2826 parcere
628 2759 705 2825 posset
712 2779 721 2820 ς
865 2761 907 2806 ¹²5

188 2839 279 2889 Clausit
289 2843 313 2887 δι
324 2839 411 2888 aeterni
421 2842 496 2887 civica
505 2838 568 2888 bella
578 2838 637 2887 scri.

156 2918 231 2969 Multa
240 2931 306 2966 meru
316 2932 408 2981 prena,
418 2916 491 2981 poeui
500 2919 541 2982 qui
553 2932 626 2980 pauca
637 2921 746 2978 eoe‘rcetr

188 2997 217 3045 Et
233 2997 289 3060 jacit
304 2994 380 3043 inviti
392 2995 495 3043 sulmiua
505 3011 556 3042 rara
566 3010 647 3043 manu.

159 3076 217 3144 Ergo
228 3090 276 3125 tam
286 3071 391 3140 placidas
402 3087 483 3127 oratur
491 3068 574 3125 missus
585 3069 616 3125 ad
626 3088 713 3136 aurea,
