2325 3959
240 342 503 409 ansnrnrr
530 338 629 403 ΜΒ.
658 335 701 403 V.
778 341 842 421 263

167 460 211 509 Per
224 459 313 510 medias
328 464 354 510 in
372 459 438 525 equis
450 461 516 525 itque
527 456 636 523 reditque
648 458 706 505 vias.

135 538 257 604 inquibus
269 541 301 589 est
308 555 397 598 nemo,
409 540 451 603 qui
461 553 511 585 non
521 534 649 598 Cotyton,
662 536 686 582 δε
698 548 777 581 arcum
790 567 797 591 ,
868 548 894 593 ις

170 616 276 682 Telaque
286 619 383 681 vipereo
394 612 471 662 lurida
482 612 538 662 felle
549 626 624 675 gerat.

137 694 192 743 Vox
203 694 268 753 fera,
282 710 335 742 trux
345 692 442 749 vultus,
456 692 579 740 verissima
590 689 676 739 Martis
687 690 767 752 imago
779 704 784 733 ι

172 774 229 821 Non
240 789 326 830 coma,
338 787 388 820 non
396 769 447 819 ulli
455 770 528 817 barba
538 769 624 816 reseda
634 782 715 815 manu.

139 849 244 900 Dextera
255 865 305 897 non
314 850 390 913 segnis
400 846 449 895 fixo
460 844 515 895 dare
526 846 626 894 vulnera
636 844 731 901 cultro,

174 928 252 987 Quem
263 930 369 977 niodum
379 926 447 974 lateri
459 925 570 974 barbatus
583 926 662 977 omnis
677 923 757 973 haheo
874 942 904 977 ιο

142 1005 210 1055 Vivit
224 1009 250 1054 in
265 1008 316 1064 his,
335 1003 410 1055 eheu!
424 1018 561 1051 tenerorum
571 1001 661 1051 oblitus
673 998 806 1049 Amorum!

175 1083 226 1131 Hos
236 1079 317 1141 videt,
335 1083 379 1129 hos
390 1096 455 1130 vates
466 1077 552 1139 audit,
563 1082 656 1139 amice,
670 1094 721 1129 tuus
734 1078 740 1126 Ξ

146 1160 225 1227 fitque
233 1162 325 1209 utinam
341 1162 427 1218 vivat,
444 1156 546 1207 sednon
557 1160 674 1207 moriatur
688 1156 772 1207 inillis
785 1156 791 1205 Ξ

178 1238 246 1286 Absit
263 1239 293 1286 ab
302 1240 384 1286 Invisis
399 1240 425 1285 ὅ(
436 1249 517 1286 umen
526 1238 611 1285 umbra
623 1235 696 1284 locis!

148 1313 266 1364 Carmina¹
273 1312 340 1379 quod
350 1313 423 1378 pleno
435 1311 514 1362 saltari
523 1314 604 1367 nostra
614 1314 719 1363 Theatro
731 1348 739 1372 ,
880 1330 906 1374 ις

179 1391 292 1441 Versibus
304 1396 328 1440 δι
339 1388 421 1455 plaudi
433 1391 531 1452 scribis,
544 1392 637 1451 amice,
654 1395 721 1439 meis.

149 1468 193 1518 Nil
203 1466 315 1534 equidem
324 1468 385 1523 feei,
396 1483 423 1517 tu
433 1470 478 1517 seis
489 1469 536 1517 hoc
545 1470 594 1532 ipse
603 1503 612 1528 ,
622 1470 718 1523 theatris
728 1487 736 1529 ς

183 1546 254 1593 Musa
265 1560 308 1593 nec
321 1548 346 1593 in
357 1544 452 1610 plausus
463 1545 590 1598 ambitiosa
600 1561 655 1594 mea
665 1546 705 1593 est.

151 1623 203 1674 Nec
215 1639 295 1675 tamen
301 1626 423 1689 ingratum
433 1623 466 1674 est
478 1657 486 1682 ,
497 1621 668 1690 quodcumque
676 1624 766 1675 oblivis
776 1624 846 1674 nostri

185 1700 305 1767 Impedit,
316 1706 342 1751 ὅ(
353 1700 548 1767 profuginonten
562 1704 641 1751 inrora
649 1702 730 1751 refert.
886 1722 914 1769 3³

153 1778 268 1840 Quamvis
279 1778 415 1841 interdum,
427 1797 479 1846 quae
490 1797 529 1829 me
540 1778 623 1834 laesiise
636 1780 764 1842 recordor,

188 1857 304 1908 Carmina
311 1858 436 1917 devoveo,
449 1857 600 1925 Pieridasque
611 1876 691 1909 meas:
777 1916 779 1921 Ι

155 1933 222 1985 cum
233 1936 293 1983 bene
304 1933 407 1993 devovi,
420 1951 513 1999 nequeo
523 1949 604 1983 tamen
614 1934 660 1985 esse
668 1940 717 1988 sine
728 1938 776 1989 illis
788 1960 793 1986 :

190 2010 381 2078 volneribusque
392 2014 451 2061 meis
465 2012 512 2061 tela
522 2028 620 2061 cruenta
631 2016 724 2079 sequor.

131 2091 135 2100 '
159 2088 267 2154 Quaeque
277 2088 352 2140 modo
364 2090 478 2138 Euboicis
489 2089 590 2143 lacerata
602 2092 633 2139 est
650 2090 758 2143 fludibus
766 2112 773 2154 3
787 2096 854 2146 auin
894 2112 918 2156 ᾗς

193 2167 267 2232 Graja
277 2166 426 2232 Capheream
436 2183 528 2225 currere
537 2171 622 2239 puppis
633 2185 729 2238 aquam.
824 2201 828 2209 ·

162 2244 215 2299 Nec
224 2261 305 2295 tamen
316 2262 342 2295 ut
353 2244 449 2305 lauder,
462 2246 554 2310 vigilo,
573 2262 702 2314 curamque
713 2249 787 2300 futuri

196 2322 310 2372 Nominis
321 2358 330 2382 ,
342 2324 423 2375 utilius
432 2322 632 2389 quod'latuiiset,
645 2343 700 2391 ago.

165 2402 270 2451 Detineo
285 2401 364 2452 studiis
378 2404 502 2462 animum,
520 2403 628 2471 falloque
638 2402 750 2457 dolores:

199 2480 314 2545 Experior
324 2478 490 2530 curie&dare
499 2483 571 2530 verba
581 2486 650 2537 meis.
867 2514 870 2525 ·
897 2504 928 2547 4³

120 2592 123 2596 -
169 2555 235 2617 Quid
252 2560 331 2620 potius
344 2556 431 2606 faciam
443 2556 540 2607 desertis
550 2560 614 2607 solus
630 2564 654 2608 in
670 2565 732 2622 oris;

203 2632 312 2691 Quamve
322 2632 392 2681 maiis
401 2633 473 2682 aliam
484 2648 587 2700 quaerere
597 2652 669 2686 coner
680 2657 752 2705 opem
763 2648 771 2692 ἒ

169 2710 224 2763 §ive
237 2708 318 2757 locum
327 2709 406 2772 spesto
418 2744 426 2767 ,
437 2709 504 2758 loeus
515 2711 548 2759 est
559 2714 692 2764 inamabilis
702 2734 709 2776 3
725 2724 749 2768 δι
762 2738 810 2787 ‘1¹¹⁰

204 2783 257 2837 Effe
270 2786 331 2835 nihil
341 2800 395 2835 toto
403 2787 489 2835 tristius
498 2788 556 2837 orbe
566 2791 652 2853 potest.

172 2866 228 2918 §ive
239 2866 365 2922 homines,
379 2868 420 2915 vix
430 2867 485 2914 sunt
494 2868 603 2915 homines
614 2870 660 2918 hoc
672 2875 770 2923 nomine
780 2876 846 2943 digni
859 2904 863 2928 ;
902 2896 930 2944 45

209 2940 338 3014 Ququue
351 2944 417 3009 lupi,
433 2946 499 2992 saevae
510 2944 563 3009 plus
577 2944 676 2997 feritatis
690 2952 785 3001 habent.

176 3020 235 3074 Non
246 3036 356 3073 metuunt
365 3022 442 3091 leges,
454 3020 495 3080 sed
505 3020 569 3078 cedit
578 3026 788 3099 viribus.aequunr;
