2325 3959
264 451 332 494 220
405 423 448 496 P.
471 428 629 494 OVJDH
648 426 843 496 NASONIS

292 547 372 608 Quint
382 564 432 598 non
441 551 539 613 ingenio
548 549 649 598 nomina
658 547 731 614 digna
743 548 812 598 meo!

257 624 325 674 Dum
339 639 419 675 tamen
432 641 488 674 aura
497 641 578 692 tepet,
591 624 673 675 medlo
683 624 834 677 defendimur
845 623 914 674 lsiro·

289 702 334 752 Ille
343 704 390 752 suis
400 700 505 768 liquidus
518 703 581 752 bella
597 703 692 768 repellit
700 705 776 768 aquis.

255 782 287 829 At
306 780 361 830 crim
373 780 441 830 tristis
452 782 527 831 hiems
539 780 669 846 squalentia
679 781 781 846 protulit
789 796 831 829 ora
843 814 852 839 ,

208 877 238 910 ro
286 859 406 923 Terraque
419 874 554 908 marmoreo
565 855 668 907 candida
677 857 738 906 satia
751 857 806 921 gelu
818 857 869 905 esic

253 936 318 986 Dum
331 951 395 1000 patet
409 939 433 984 δι
443 935 544 994 Boreas,
560 939 585 984 δι
597 937 637 984 nix
647 937 732 1001 injecta
741 935 784 982 sub
800 937 887 993 Arstos

284 1014 349 1062 Turn
363 1012 439 1078 liquet
450 1014 491 1060 has
503 1027 584 1076 gentes
599 1027 641 1060 are
653 1026 769 1063 tremente
780 1014 865 1077 premi.

208 1118 211 1124 ·
251 1089 299 1139 Nix
307 1095 380 1156 jacetr
394 1092 419 1142 δι
429 1091 515 1155 judiam
523 1105 566 1138 nec
579 1088 620 1138 Sol
631 1088 747 1155 pluviave
757 1089 895 1140 resolvuntr

284 1166 382 1217 indurat
395 1165 502 1228 Boreas,
521 1181 705 1233 perpetuamque
716 1166 783 1218 facit.

203 1257 228 1304 ¹5
249 1245 330 1310 Ergo,
346 1246 387 1294 ubi
397 1244 497 1294 delicuit
506 1241 616 1294 nondum
626 1247 691 1310 prior
702 1279 710 1305 ‚
723 1245 798 1299 altera
806 1249 872 1297 veuit
885 1264 893 1296 a

280 1322 312 1372 Et
328 1321 390 1372 solet
408 1323 433 1371 in
450 1319 532 1371 multis
547 1323 612 1371 bima
621 1338 716 1372 manere
727 1322 795 1372 locis.

247 1401 372 1467 Tantaque
382 1403 500 1450 commoti
510 1401 545 1450 vis
558 1400 591 1449 est
601 1399 744 1466 Aquilonis,
757 1416 784 1451 ut
794 1401 854 1451 altas

278 1479 367 1546 AEquet
380 1480 454 1530 humo
464 1493 550 1534 turrea,
566 1481 673 1544 tetiaque
681 1493 747 1543 rapta
758 1478 827 1528 ferat.

245 1558 365 1620 Pellibus,
381 1561 406 1608 dt
418 1558 475 1608 sutis
486 1570 567 1606 arcent
580 1556 643 1605 naald
655 1556 745 1621 frigora
755 1558 844 1606 braccis
856 1574 865 1614 i

197 1663 228 1699 2.
276 1629 416 1700 Oraque'de
432 1648 485 1683 toto
501 1649 600 1699 corpore
611 1633 662 1684 sola
671 1649 762 1699 patent.

243 1713 308 1777 Saepe
320 1713 405 1762 sonant
416 1714 477 1760 mori
484 1711 560 1775 glacie
571 1708 690 1775 pendente
702 1710 781 1777 capilli
794 1746 803 1771 ‚

276 1790 307 1838 Et
322 1791 384 1839 nitet
398 1787 495 1838 indutio
507 1785 610 1837 candida
624 1789 698 1840 barba
715 1790 786 1854 gelu:

242 1864 344 1933 Udaque
360 1867 489 1916 consistunt
503 1865 607 1916 formam
617 1867 732 1919 servantia
743 1867 804 1920 testae

274 1945 337 1995 Vina
348 1964 354 1994 z
366 1961 410 1995 nec
424 1944 504 1996 hausta
520 1947 598 2004 meri,
613 1943 654 1994 sed
664 1942 719 2000 data
730 1944 800 1999 frusta
812 1945 906 1996 bibunt.

194 2053 220 2099 ²5
241 2021 307 2084 Quid
317 2023 418 2089 loquar,
438 2038 464 2072 ut
474 2025 545 2073 vintii
555 2025 709 2075 concrescant
721 2023 809 2087 frigore
821 2025 885 2083 rivi,

271 2101 356 2168 Deque
367 2099 419 2152 lacu
428 2100 523 2167 fragiles
534 2099 680 2151 effodiantur
688 2117 754 2166 aquae
763 2109 772 2154 i

239 2179 290 2244 lpse
301 2213 310 2240 ,
325 2179 459 2244 papyrifero
467 2182 508 2244 qui
516 2195 565 2230 non
576 2179 695 2244 angustior
705 2195 775 2228 amne
786 2213 795 2239 ,

272 2259 387 2308 Miscetur
397 2258 462 2308 vasto
477 2257 554 2306 multa
565 2274 607 2322 per
617 2274 660 2307 ora
670 2256 751 2316 freto,

238 2334 361 2385 Caeruleos
377 2338 454 2385 ventis
471 2335 551 2383 latices
562 2333 718 2395 durantibus,
730 2335 786 2384 lster

95 2475 96 2480 p
190 2443 220 2486 30
270 2413 409 2478 Congelat,
428 2417 452 2460 δι
469 2414 533 2461 reuss
544 2416 568 2460 in
576 2428 641 2460 mare
649 2414 720 2477 serpit
730 2416 805 2478 aquis.

237 2490 339 2556 Quique
349 2505 409 2539 rates
420 2492 512 2547 ie‘tant,
523 2487 622 2553 pedibus
633 2505 696 2538 nunc
705 2492 753 2538 itur
765 2508 771 2537 ι
786 2493 810 2539 δι
822 2489 896 2539 undas

268 2569 364 2632 frigore
377 2579 498 2617 concretas
509 2565 597 2629 ungula
607 2565 685 2630 pulsat
694 2570 758 2632 equi.

235 2644 325 2710 Perque
337 2658 413 2693 novos
431 2658 532 2708 pontes,
548 2643 627 2696 subter
639 2642 771 2698 labentibus
780 2644 867 2707 unciis,

266 2721 365 2772 Ducunt
375 2722 498 2770 Sarmatici
510 2721 608 2770 barbara
614 2720 716 2786 plaustra
724 2724 805 2772 boves.

187 2831 212 2874 35
233 2799 279 2849 l'ix
294 2796 406 2865 equidem
417 2797 512 2848 credar:
522 2797 625 2848 sedctlm
641 2801 688 2848 sint
697 2805 794 2864 premia
805 2800 859 2852 falsi

264 2877 355 2938 Nulla,
366 2891 441 2926 ratam
454 2874 593 2926 testiadebet
601 2879 688 2928 habere
696 2876 779 2933 fidem.

231 2957 343 3008 Vidimus
353 2959 475 3021 ingentem
485 2954 559 3020 glacie
568 2956 692 3006 consistere
704 2971 805 3021 pontum
816 2992 824 3017 ‚

264 3037 411 3100 Lubricaque
427 3037 539 3082 immotas
552 3035 608 3083 resta
618 3036 740 3098 premebat
752 3051 834 3100 aquas.

231 3114 282 3165 Nec
293 3109 377 3164 vidisse
389 3113 424 3164 sat
438 3111 486 3162 esic
498 3109 585 3162 durum
598 3111 743 3165 calcavimus
754 3127 853 3179 equor:
