2325 3959
309 387 372 490 ιγ’).
448 383 491 470 Ρ.
521 403 676 468 Ovtntr
698 387 900 472 unionis·

301 525 401 590 Jamque
413 524 595 588 moraespatium
606 539 655 572 nox
665 526 811 588 praecipirata
820 526 945 589 negabat,
1016 511 1022 524 ¹

334 603 454 668 Versaque
465 603 495 651 ab
506 618 547 650 axe
559 603 601 651 suo
614 603 732 650 Parrhasis
744 603 826 651 Assios
844 618 908 650 erat.

253 707 255 712 ·
270 691 273 698 '
302 680 368 743 Quid
382 681 485 730 facerem
498 683 506 728 i
518 678 607 728 blando
619 683 700 744 patric
711 681 830 728 retinebar
842 696 950 729 amore:

259 767 287 812 50
337 757 430 806 Ultima
440 755 480 806 sed
492 753 558 822 jussa
568 771 617 806 nox
627 771 678 805 erat
688 757 732 805 illa
742 757 813 822 fugae.

284 873 290 884 .
302 839 339 888 Ah
351 839 358 887 i
373 836 466 904 quoties
482 835 563 901 aliquo
574 833 624 882 dixi
635 850 776 900 properante
788 836 794 884 l
807 833 876 895 Quid
886 839 981 900 urges?

333 915 379 964 Vel
397 913 446 980 quii
463 913 555 962 sesiines
567 915 616 968 ire,
630 912 669 961 vel
680 911 759 972 unde,
774 912 840 962 vide.

301 996 338 1043 llh
349 994 356 1042 1
370 995 462 1060 quoties
473 1006 563 1040 certam
575 1007 613 1039 me
622 992 674 1039 sum
684 993 798 1040 mentitus
807 992 898 1042 habere

332 1073 440 1132 Horam,
454 1073 583 1135 propositae
592 1085 644 1134 quae
656 1069 780 1133 soretapta
792 1070 848 1119 viae!

254 1161 280 1204 55
300 1147 347 1197 Ter
364 1147 439 1195 limen
456 1147 539 1208 tetigi3
555 1145 653 1192 tersum
669 1157 807 1192 revocatus:
821 1147 846 1192 &
858 1146 912 1209 ipse

334 1221 462 1287 Indulgens
477 1224 559 1270 animo
573 1236 614 1286 pes
632 1222 691 1270 mihi
709 1219 789 1270 tardus
803 1235 863 1269 erar.

299 1302 383 1366 Saepe,
402 1299 463 1348 Vale
480 1297 562 1357 disto,
576 1300 654 1347 rursus
665 1300 717 1347 sum
730 1299 807 1348 multa
815 1299 913 1349 locutus
924 1317 935 1358 3

331 1377 362 1427 Et
377 1381 443 1444 quasi
460 1375 583 1426 discedens
596 1375 678 1426 oscula'
691 1378 784 1427 summa
797 1375 864 1426 dedi.

264 1468 266 1474 ·
299 1457 363 1520 Saepe
376 1454 458 1504 eadem
472 1452 586 1503 mandata
596 1452 652 1502 dedi
661 1473 668 1503 ε
677 1469 763 1520 meque
773 1457 821 1520 ipse
829 1455 908 1507 fefelli
923 1496 934 1520 ‚

249 1543 282 1588 66
331 1535 465 1598 Respiciens
475 1533 550 1582 oculis
561 1535 661 1597 pignora
672 1549 726 1582 cara
737 1538 804 1582 meis.

296 1609 1023 1683 Deniq3QuidproperoiScythiaest,qudmittimurdnquamz

330 1690 408 1737 Roma
418 1686 573 1753 relinquenda
582 1688 629 1735 eli:
642 1703 741 1754 utraque
750 1689 809 1754 julia
817 1707 888 1740 mora
898 1695 946 1744 est.

299 1765 364 1814 Uror
377 1769 403 1814 in
414 1781 530 1816 aternum
547 1769 604 1815 vivo
610 1756 675 1813 'mihi
686 1769 741 1815 viva
752 1783 852 1830 negatur
863 1769 871 1817 i

329 1845 360 1893 Et
371 1842 473 1904 domus,
491 1848 516 1893 δι
536 1841 590 1892 fidae
602 1841 682 1892 dulcia
694 1838 802 1893 membra
813 1843 922 1898 domnis!

250 1934 277 1984 σς
298 1924 410 1989 Quosque
423 1939 468 1987 ego
476 1922 581 1971 fraterno
593 1919 664 1968 dilexi
673 1929 758 1980 more,
771 1920 880 1984 sodales,

330 2005 352 2052 Ο
364 2005 371 2052 l
385 2007 445 2052 mihi
456 2003 548 2052 Thesei
557 2003 651 2064 pedora
660 2004 740 2067 junsia
749 2001 797 2051 sicle
808 2003 815 2052 l

298 2083 364 2132 Dum
376 2082 449 2139 licet,
466 2079 607 2144 amplcsiarr
620 2095 752 2144 numquam
764 2079 860 2130 fortasse
873 2081 967 2138 licebit

330 2160 438 2225 Amplius
451 2177 456 2206 ι
468 2161 494 2206 in
501 2157 567 2206 lucro
577 2191 586 2216 ,
598 2155 729 2222 quatiatur
740 2159 798 2207 hora
809 2192 817 2218 ‚
830 2163 892 2209 mihi
903 2166 951 2214 est.

245 2239 258 2288 ἶ·
298 2237 350 2287 Nec
362 2253 429 2286 mora
441 2237 570 2284 :sermonis
583 2235 654 2283 verba
666 2235 802 2299 imperfesia
814 2237 930 2304 relinquo
942 2278 952 2304 ,

250 2331 282 2374 70
331 2314 498 2380 Compleilens
511 2315 592 2362 animo
604 2314 712 2376 proxima
722 2330 821 2378 quaeque
832 2331 898 2365 meo.

298 2394 364 2442 Dum
375 2394 462 2459 loquor
475 2426 483 2450 ‚
499 2395 523 2440 δι
537 2389 637 2449 flemus,
650 2389 715 2438 coslo
726 2389 882 2441 nitidissimus
901 2395 960 2448 alto
968 2436 978 2461 ,

330 2474 403 2522 Stella
420 2474 496 2538 gravis
508 2471 577 2518 nobis
589 2502 598 2527 ,
610 2467 706 2516 Lucifer
717 2483 783 2518 οπως
792 2487 852 2520 erat.

298 2545 1008 2618 Dividorhaudaliter,qudmsimeamembrarelinquam3

247 2647 250 2653 ·
332 2631 361 2678 Er
372 2643 423 2693 pars
438 2626 546 2688 abrumpi
559 2639 659 2687 corpote
670 2625 718 2672 visa
730 2625 772 2673 suo
783 2625 823 2674 est.

251 2727 279 2772 75
300 2710 337 2756 Sic
346 2707 452 2757 Priamus
463 2701 560 2760 doluit,
571 2715 627 2749 tunc
639 2699 695 2748 ctlm
706 2735 714 2755 ‚
731 2704 755 2749 in
766 2707 886 2754 contraria
893 2713 983 2761 versus
993 2749 1005 2776 ,

332 2783 428 2831 Ultores
442 2781 524 2829 habuit
535 2777 679 2843 proditionis
690 2791 773 2844 equos.
969 2782 974 2788 “

300 2857 434 2914 Tumverl)
446 2861 550 2906 exoritur
562 2856 654 2905 clamor
664 2860 813 2923 gemitusque
823 2875 938 2912 meorum
954 2883 963 2924 ς

331 2936 361 2985 Et
381 2935 469 2984 feriunt
480 2933 563 2982 masta:
578 2936 673 2998 pectora
683 2932 747 2983 nuda
757 2951 849 2986 manus.

299 3015 362 3064 Tum
376 3010 434 3062 veri>
449 3014 552 3076 coniux,
569 3012 674 3058 humeris
685 3011 792 3060 abeuntis
803 3016 919 3066 inhaerens
932 3054 944 3080 ,

251 3105 282 3144 uo
333 3093 431 3143 Miscuit
450 3091 499 3139 haec
509 3087 621 3150 lacaymis
632 3088 704 3140 tristia
720 3087 846 3140 dinariis.
