2325 3959
304 432 370 523 350
429 424 473 494 P.
503 426 660 495 Ovrnrr
681 426 879 493 NAsonte
934 404 951 415 ’

243 589 245 593 .
331 544 453 593 Auxilium
470 546 525 593 vita
542 543 653 609 fertque,
665 543 772 609 feretque
782 557 853 591 meae.

300 618 389 681 Unde,
410 638 477 685 roges
496 620 595 674 forsan,
611 618 699 670 fiducia
717 633 781 669 tanta
797 619 874 667 futuri

331 702 366 748 Sit
378 701 437 748 mihi
447 717 453 747 r
465 697 531 768 quod
542 698 599 747 fecit
610 700 709 763 quisque
720 711 799 745 tuetur
809 710 883 759 opus.

298 774 334 825 Ut
348 776 428 826 Venur
444 774 540 824 artificis
556 775 624 824 labor
638 775 672 823 est
688 778 714 822 St
727 773 804 839 gloria
820 770 891 831 Coi,

252 862 283 911 ,o
332 853 453 920 AEquoreo
471 853 578 905 madidas
594 870 646 919 quae
663 855 750 917 premit
764 851 840 899 imbre
859 864 977 899 comas:

300 933 366 981 Artis
387 949 414 984 ut
430 934 511 987 Ailaeae
527 934 565 984 vel
584 936 673 983 eburna
686 932 725 981 vol
742 934 830 981 ahenea
847 930 934 978 tullos
945 962 957 982 ,

333 1011 422 1061 Bellica
438 1011 550 1061 Phidiaci
563 1012 607 1061 stat
623 1011 675 1060 Dea
691 1010 751 1059 feda
764 1024 855 1065 manu,

301 1084 415 1137 Vindicat
425 1104 451 1138 ut
467 1089 575 1139 Calamis
586 1085 696 1141 laudem,
708 1102 768 1151 quos
783 1084 856 1142 fecit,
869 1096 1013 1147 equorum,

333 1165 368 1214 Ur
382 1166 465 1215 similis
476 1182 536 1215 νοτε
547 1181 619 1214 vacca
630 1164 740 1226 Myronis
756 1178 816 1226 opus
826 1178 834 1219 3

254 1262 280 1311 ,ς
302 1244 339 1291 Sic
356 1258 400 1307 ego
416 1260 467 1308 pars
485 1258 562 1293 rerum
581 1258 631 1291 non
641 1240 744 1299 ultima,
755 1240 838 1296 Sexte,
856 1251 980 1294 tuarum,

334 1320 472 1386 Tutelaeque
490 1320 553 1370 feror
570 1334 656 1368 munus
672 1312 778 1383 opusque
795 1330 850 1364 tuae.

320 1423 1008 1503 «ἐῶ-ψ)

276 1553 278 1563 ⁴
397 1546 872 1627 'nrrsronnrr

512 1694 795 1757 srrnno

259 1928 262 1933 ι
379 1857 516 1923 uoolegis‚
528 1856 560 1907 ol
571 1856 644 1906 Vates
651 1856 905 1920 magnorummaxime
912 1856 1020 1921 Regum,

273 1940 275 1947 “
336 1938 409 1987 Venit
425 1938 454 1985 ab
470 1939 570 1985 intonsis
585 1951 678 2000 usque,
694 1937 795 1992 Severe,
809 1932 888 1982 Getis.

304 2004 380 2081 Cujus
401 2013 478 2064 adhuc
495 2030 585 2063 nomen
601 2012 692 2061 nostros
709 2007 806 2059 tatuiffe
822 2008 942 2069 libellos,

337 2096 361 2143 Si
381 2090 457 2142 modo
474 2094 591 2159 permittis
602 2088 680 2139 dicere
693 2104 749 2139 veta
759 2123 767 2148 ,
779 2085 861 2153 pudet.

276 2198 286 2243 5
308 2172 373 2221 Orba
383 2186 463 2221 temen
474 2172 577 2219 numeris
590 2163 688 2216 celfavit
698 2164 797 2231 epistola
805 2180 942 2230 numquam

338 2249 374 2297 lre
390 2265 432 2315 pet
450 2248 550 2297 alternas
569 2244 676 2295 officiosa
692 2245 765 2293 vices.
983 2236 988 2243 '

167 2372 174 2379 .
277 2326 278 2331 ’
306 2326 421 2379 Carmina
437 2326 488 2375 sola
504 2326 547 2373 ribi
564 2338 697 2372 memorem
714 2320 822 2370 testantia
838 2334 921 2367 curam

338 2404 396 2453 Non
406 2402 461 2453 data
470 2403 524 2450 sunt
535 2419 542 2449 z
554 2397 613 2467 quid
625 2402 706 2458 eninr,
719 2389 771 2463 qui
779 2396 836 2445 facis
844 2398 910 2461 ipse,
922 2394 1018 2447 daretni

307 2483 365 2543 Quis
378 2480 425 2530 tirel
438 2479 533 2528 Arisseo
543 2512 553 2532 ‚
570 2480 623 2544 quir
640 2476 734 2525 Baccho
750 2477 807 2524 vina
822 2472 943 2533 Falerno,
1010 2464 1014 2469 ’

261 2592 291 2625 ,0
338 2558 489 2625 Triptolemo
500 2556 592 2622 fruges,
606 2570 680 2621 poma
688 2551 731 2602 det
741 2552 860 2602 Alcinoo?

306 2638 392 2689 fertile
409 2639 488 2703 pedu}
503 2636 595 2694 habes,
613 2636 722 2698 interque
740 2630 858 2679 Helicona
873 2626 983 2676 colentes

278 2712 284 2725 ”
337 2718 439 2767 Uberius
453 2714 514 2764 nulli
529 2713 640 2779 provenit
655 2711 699 2760 ista
715 2709 789 2772 leger.

306 2796 404 2845 Mittere
413 2808 509 2843 earnm:
523 2788 644 2849 adhunc,
664 2783 762 2836 frondet
776 2799 826 2833 erar
841 2775 927 2833 addere
936 2782 1022 2837 silvie.

339 2873 396 2923 Hac
415 2860 475 2919 mihi
496 2864 622 2917 conflandi
640 2866 727 2924 eausa,
745 2864 848 2921 Severe,
868 2859 923 2910 fuit.

262 2982 288 3029 ¹5
307 2951 359 3002 Nec
377 2956 456 2999 tamen
470 2948 592 3012 ingenium
607 2944 677 2993 nobis
691 2938 833 3007 respondet,
851 2952 879 2986 ut
897 2952 970 2987 antee

340 3027 386 3079 Sed
400 3031 490 3077 siccum
507 3024 578 3073 sterili
593 3037 691 3072 vomere
709 3020 766 3069 litus
781 3033 831 3066 ato.

277 3104 284 3115 ”
308 3107 404 3160 Scilicet
419 3120 446 3157 ut
462 3102 534 3161 limus
550 3116 622 3157 venae
638 3110 741 3149 excecat
758 3098 785 3147 in
805 3090 893 3153 undis,

1060 243 1062 358 l
