2325 3959
270 380 411 453 Errsr.
429 393 486 445 nx
503 375 655 443 Pouro
673 374 776 441 LII.
820 395 832 459 3
868 394 879 458 5
912 454 915 461 x

173 500 304 550 Observare
323 500 410 554 Deos,
427 514 458 548 ne
475 495 534 564 q'uid
551 498 612 546 mihi
629 492 700 543 cedat
716 490 810 548 amicb3

206 578 333 643 Verbaque
344 578 455 626 Fortuna
471 579 511 625 vix
527 590 587 640 puto
601 568 666 638 poss'e
677 569 738 621 dari.
907 584 937 616 20

173 652 213 702 Est
232 655 270 703 illi
287 670 349 702 curae
366 670 406 703 me
420 651 533 717 perdere3
552 666 653 715 queque
667 648 759 697 solebat

206 728 260 777 Esse
273 730 348 789 levis,
361 729 469 778 constans
488 732 513 777 bt
530 729 589 775 bene
610 738 675 773 certa
693 736 774 773 nocet.

173 804 253 856 Crede
269 809 345 864 mihi,
365 810 385 854 si
397 808 453 854 'sum
472 808 522 854 veri
537 806 582 853 tibi
601 804 711 865 cognitus
724 802 791 858 oris,

209 883 261 931 Nec
279 884 342 931 fraus
358 887 383 931 in
393 885 477 931 nostris
492 884 582 931 casibus
600 876 646 928 else
659 878 754 943 potcst3

173 956 303 1024 Cinyphiae
318 963 401 1025 segetis
419 960 488 1009 cititls
505 958 641 1008 numerabis
658 956 756 1008 aristas,

208 1038 310 1102 Altaque
326 1038 401 1103 quim
415 1038 498 1087 multis
515 1037 599 1086 llotett
615 1032 695 1097 Hybla
712 1035 801 1097 thymis
820 1051 826 1082 ι

173 1112 206 1163 Et
222 1129 282 1179 quot
296 1130 350 1164 aves
368 1120 443 1165 motis
462 1120 568 1164 nitantur
587 1116 613 1162 in
631 1117 684 1161 a'e‘ra
704 1115 807 1177 pennis3

207 1192 322 1258 Quotque
342 1208 425 1242 natent
442 1195 516 1257 pisces
533 1208 649 1257 equore,
667 1204 744 1240 certus
763 1194 808 1239 eris
825 1210 830 1238 ς

173 1269 257 1329 Quini
275 1272 319 1319 tibi
335 1271 471 1319 nostrorum
488 1271 600 1319 statuatur
611 1270 708 1317 summa
720 1268 847 1326 laborum,

209 1346 276 1406 Quos
287 1364 332 1411 ego
342 1350 394 1395 sum
406 1347 483 1404 terrb,
502 1362 563 1411 quos
580 1362 626 1409 ego
645 1342 722 1407 passus
738 1346 808 1408 aqui.

175 1423 252 1473 Nulla
272 1425 339 1473 Getis
355 1437 409 1473 toto
424 1440 481 1488 gens
500 1423 533 1471 est
548 1422 706 1471 truculentior
723 1422 781 1469 orbe
800 1438 806 1467 t

127 1530 130 1537 -
209 1498 256 1549 Sed
275 1515 357 1549 tamen
376 1502 402 1549 hi
419 1500 504 1549 nostris
519 1503 656 1564 ingemuere
673 1499 751 1549 malis.

176 1577 236 1639 Quae
248 1580 292 1627 tibi
304 1582 323 1626 si
336 1581 440 1627 memori
456 1593 530 1625 coner
548 1579 690 1640 perscribere
705 1578 794 1637 versu,

210 1654 265 1703 Ilias
282 1656 314 1703 est
329 1656 384 1705 fatis
400 1654 474 1719 longa
491 1654 571 1703 futuro
586 1656 654 1703 meis.
683 1696 685 1702 .

175 1730 233 1782 Non
253 1735 325 1796 igitur
338 1748 437 1787 vereor,
452 1730 519 1798 quod
527 1747 555 1782 ,te
573 1748 625 1781 rear
641 1729 689 1781 esl'e
704 1732 849 1793 verendum,
914 1798 917 1800 ,

200 1808 284 1875 Cujus
295 1829 362 1861 amor
373 1812 443 1861 nobis
457 1813 558 1875 pignora
569 1810 638 1859 mille
648 1810 716 1861 dedit
728 1832 734 1861 ι

175 1886 222 1937 Sed
232 1891 288 1953 quia
296 1906 333 1937 res
342 1888 429 1938 timida
441 1890 473 1939 eli
482 1892 562 1937 omnis
573 1892 658 1947 miser3
671 1894 695 1938 bc
709 1895 765 1955 quia
775 1891 849 1955 longo

209 1966 328 2029 Tempore
340 1966 430 2015 laetitiae
446 1969 516 2029 janua
531 1965 611 2013 clausa
628 1982 686 2014 meae
704 1967 745 2015 est.

158 2040 228 2089 dam
246 2040 317 2090 dolor
332 2045 358 2090 iu
372 2058 465 2091 morem
481 2045 548 2091 venit
565 2058 632 2089 meus
643 2058 650 2089 ε
662 2057 735 2107 utque
746 2041 841 2092 caducis

209 2115 319 2167 Percuffu
335 2120 419 2167 crebro
437 2120 491 2167 saxa
509 2132 622 2168 cavantur
640 2121 707 2184 aquis
717 2136 725 2179 3

175 2194 215 2243 Sic
230 2210 275 2259 ego
290 2198 406 2245 continuo
427 2196 535 2245 fortune
550 2196 663 2246 vulneror
679 2200 726 2245 islu
743 2215 749 2245 t

210 2271 304 2337 Vixque
320 2274 392 2322 habet
408 2275 434 2322 iu
450 2274 520 2321 nobis
534 2276 585 2338 jam
604 2290 666 2325 nova
682 2274 753 2337 plaga
767 2274 858 2325 lotum.

176 2347 227 2398 Nec
240 2353 315 2414 magis
326 2348 421 2401 assiduo
430 2366 515 2401 vomer
525 2364 636 2399 tenuatur
648 2353 677 2399 ab
687 2354 745 2413 usu,

209 2426 260 2476 Nec
273 2432 347 2493 magis
358 2429 391 2477 est
400 2432 478 2477 curvis
489 2429 566 2496 Appia
577 2431 633 2478 trita
643 2430 717 2487 rotis3

179 2503 278 2564 Pestora
285 2504 360 2568 quim
370 2522 425 2553 mea
435 2507 490 2553 sunt
498 2507 556 2553 serie
566 2520 655 2555 cacata
666 2506 777 2559 laborum
788 2528 795 2557 :

208 2578 239 2625 Et
252 2579 313 2626 nihil
326 2582 421 2638 iuveni,
436 2579 502 2645 quod
513 2584 573 2629 mihi
586 2581 656 2631 ferret
671 2600 753 2646 opem.

178 2654 277 2703 Artibus
288 2657 395 2719 ingenuis
405 2659 502 2720 quesita
513 2657 544 2705 est
554 2657 632 2721 gloria
642 2659 724 2708 multis
736 2679 742 2711 t
836 2656 839 2661 ’

209 2729 295 2779 Infelix
311 2734 370 2795 perii
386 2730 484 2782 dotibus
498 2734 547 2797 ipse
560 2738 630 2783 meis.

177 2807 235 2857 Vita
245 2811 310 2872 prior
321 2811 381 2858 vitio
393 2825 473 2867 taret,
485 2814 509 2861 be
519 2815 569 2861 sine
580 2812 634 2862 labe
649 2816 759 2879 petasii:

107 2887 109 2891 ’
207 2886 297 2935 Auxilii
308 2889 395 2942 misero
404 2887 439 2935 nil
451 2888 506 2937 tulit
515 2889 559 2939 illa
569 2892 639 2939 mihi.

177 2961 257 3026 Culpa
270 2968 345 3026 gravis
356 2966 463 3028 precibus
474 2962 576 3014 donatur
587 2968 645 3030 saepe
659 2968 753 3019 suorum
765 2990 772 3020 e
796 2972 799 2983 “

203 3040 289 3090 Omnis
297 3057 342 3108 pro
353 3042 421 3091 uobis
430 3044 506 3107 gratia
517 3056 584 3092 muta
595 3042 649 3091 fuit.

706 3122 727 3170 ο
744 3126 761 3188 ij
