2325 3959
267 405 336 466 104
410 378 453 444 Ρ.
482 377 639 445 Ovtnrr
659 380 853 447 NAsours

296 498 423 549 Presserat:
435 500 530 549 instanti
543 500 600 550 talia
611 498 671 549 ditia
683 500 764 550 refert.

263 580 348 643 Sospes
364 594 418 638 ets,
432 580 570 644 semperque
580 595 680 643 parens:
694 582 754 627 mihi
764 578 813 629 filia
824 592 894 643 rapta
903 576 953 627 est·

208 670 227 723 ‘5
235 671 263 701 to
297 657 364 705 lieu!
379 656 466 706 melior
476 656 567 723 quantis
576 658 624 707 sors
635 672 675 707 tur
684 659 747 707 sorte
758 657 827 707 mei!

263 734 798 800 Diritt&‚utlactymae‚neq;enimlaerymare
806 735 919 785 Deorum
929 734 967 785 est
980 770 992 797 ,

295 812 394 862 Decidit
402 817 428 862 in
440 811 533 877 tepidos
542 812 622 863 lucida
630 828 697 879 gutta
705 816 777 863 sinus.

263 891 334 940 flent
344 894 448 957 pariter,
460 891 547 941 molles
557 894 633 943 animi
644 926 652 952 ,
664 896 779 959 virgoque
786 893 913 957 senexque.

295 969 316 1017 E
327 971 413 1035 quibus
420 972 469 1019 haec
479 970 613 1035 justivetba
623 971 687 1020 suere
696 973 765 1020 seuit.
779 1032 782 1038 y

217 1048 301 1106 5²5Sic
317 1049 379 1107 tibi,
395 1064 467 1113 quam
478 1063 569 1112 raptam
577 1052 698 1114 quereris,
714 1052 744 1099 sit
755 1048 804 1097 filia
814 1049 892 1114 sospes
903 1064 912 1107 ;

297 1126 389 1189 Surge,
408 1142 452 1173 nec
463 1129 552 1192 exigue
561 1126 655 1193 despice
665 1130 724 1176 tesia
735 1129 801 1177 easae.

264 1200 313 1251 Cui
330 1202 396 1262 Dea,
415 1203 489 1259 Duc,
505 1207 584 1270 inquit
596 1224 601 1252 t
615 1206 676 1254 scisti
688 1240 697 1267 ,
707 1204 754 1271 qul
764 1220 848 1269 cogere
857 1200 951 1269 possea.

281 1335 285 1342 Ι
298 1281 373 1345 Seque
389 1280 452 1331 levat
467 1284 539 1342 saxo,
557 1284 752 1349 subsequiturque
762 1286 849 1331 senem.

264 1358 320 1406 Dux
337 1362 422 1408 comiti
433 1376 526 1418 narrat,
542 1359 617 1425 quim
629 1364 660 1410 tit
671 1363 716 1409 ribi
726 1360 788 1409 filius
799 1375 877 1423 τμη

217 1440 263 1485 530
297 1438 348 1487 Nec
361 1441 439 1502 capiat
448 1440 721 1505 somnor,iuvigiletque
733 1438 811 1487 malit.

264 1514 309 1564 llla
319 1515 491 1579 soporiferum,
509 1531 594 1579 parvos
607 1518 695 1563 initura
705 1527 799 1579 penates
811 1546 821 1573 ,

296 1590 402 1656 Colligit
411 1593 494 1656 agresti
504 1592 557 1641 lene
567 1608 668 1657 papaver
680 1595 764 1641 humo.

263 1669 330 1718 Dum
341 1670 417 1735 legit‚·
429 1669 508 1718 oblito
518 1670 593 1718 fertur
604 1668 702 1735 gustasse
712 1670 792 1735 palato
804 1702 812 1729 ‚

296 1747 451 1812 longamque
462 1744 600 1811 imprudens
612 1745 737 1797 exsolu'r'll'e
749 1747 848 1798 famem.

218 1824 327 1886 535Quae
337 1828 393 1890 quia
403 1827 520 1889 principio
531 1827 609 1889 posuit
617 1828 706 1890 jejunia
714 1828 789 1875 nuliis
800 1861 810 1886 ‚

298 1902 404 1967 Tempus
416 1903 505 1951 habent
516 1903 600 1964 Myslae
612 1902 689 1953 sidera
698 1906 748 1955 visa
758 1906 813 1953 eibi.

264 1981 350 2030 Limen
361 1997 388 2030 ut
400 1985 498 2033 intravit
508 2021 516 2044 ‚
528 1981 604 2031 luetis
616 1981 681 2032 videt
690 1986 772 2033 omnia
782 1983 867 2049 plenae

296 2060 350 2110 Janr
368 2062 419 2125 spes
429 2063 454 2108 in
470 2077 543 2125 putto
553 2060 622 2109 nulla
631 2060 713 2111 salutis
723 2077 781 2111 erat.

264 2138 342 2187 Matre
353 2139 470 2199 salutati,
482 2153 557 2188 mater
567 2139 687 2187 Metanira
694 2153 809 2199 vocatur,

220 2233 266 2280 540
298 2214 398 2277 iungere
409 2211 506 2277 dignata
513 2212 546 2261 esl
555 2228 583 2260 os
591 2210 681 2276 puerile
692 2213 744 2264 suo.

266 2291 349 2341 Pallor
356 2293 421 2350 abit,
434 2292 564 2356 subitaque
573 2292 657 2353 vigent
668 2292 802 2355 incorpore
812 2288 881 2339 viret.

297 2369 389 2417 Tantus
399 2367 489 2417 toelesti
499 2369 565 2419 venit
572 2370 602 2417 ab
615 2385 656 2417 ote
667 2372 744 2433 vigor.

265 2447 330 2496 Tota
345 2444 432 2495 domus
441 2445 495 2493 lata
508 2446 541 2494 est
552 2465 559 2495 t
570 2448 617 2496 hoe
627 2446 672 2501 est,
686 2460 825 2512 materque,
837 2460 970 2513 paterque,

297 2523 420 2588 Nataque:
431 2539 476 2571 ttes
487 2519 525 2572 illi
536 2538 588 2573 rota
601 2524 666 2573 suere
677 2522 772 2573 domus.

158 2587 162 2591 .
222 2601 328 2667 545Mox
338 2601 418 2665 epulas
428 2616 541 2664 ponunt,
553 2602 679 2668 liquei‘asia
690 2600 790 2667 coagtila
801 2602 877 2668 laste,

297 2681 433 2745 Pomaque,
451 2683 475 2728 δι
489 2682 515 2727 in
526 2683 610 2729 tenetis
620 2696 689 2731 autea
702 2679 774 2728 mella
785 2680 854 2729 favis.

264 2757 373 2807 Abstinet
385 2756 448 2806 alma
459 2756 532 2807 Ceres
544 2792 552 2817 ,
564 2759 689 2823 somnique
701 2773 815 2822 papavera
826 2760 904 2807 causat

297 2834 348 2883 Dat
365 2835 409 2883 ribi
425 2850 480 2883 cum
497 2833 578 2901 tepido
589 2834 647 2884 saut
659 2833 781 2895 bibenda,
797 2851 864 2900 puer.

265 2914 349 2965 Nouis
365 2928 415 2962 erar
426 2912 549 2974 medium,
562 2912 697 2979 placidique
711 2914 803 2977 silentia
814 2915 910 2973 somnie

221 3003 268 3054 550
300 2993 478 3057 Triptolemum
487 2996 579 3057 gremio
590 2993 680 3041 suslulit
690 2993 732 3041 illa
740 2996 789 3042 suo.

268 3070 362 3138 Terque
371 3085 444 3122 mauu
454 3070 579 3138 permulsit
589 3087 658 3123 tutu:
671 3074 716 3123 tria
726 3074 831 3125 carmina
844 3070 926 3139 dixit,
