2325 3959
297 418 427 486 Eirsr
447 429 503 480 rx
517 408 727 480 Pourol.
747 408 798 475 II.
838 426 903 492 3¹7

183 582 906 661 (em-eaeffiffimu

285 742 623 808 EPISTOLA
661 740 807 801 VIII.

279 878 544 963 'MAXIMO
591 900 792 961 cOTTAE.

184 997 256 1112 R
265 1080 278 1113 u
287 1081 303 1113 n
311 1076 413 1115 nurus
425 1064 458 1113 est
468 1064 537 1113 nobis
548 1060 627 1113 Caesar
640 1077 695 1109 curn
707 1059 800 1111 Caesare
810 1073 903 1121 nup-er,

121 1127 125 1136 *
221 1142 290 1202 Quos
301 1145 362 1191 mihi
372 1142 474 1201 misisti,
485 1141 592 1190 Maxime
607 1138 701 1199 Cotta,
713 1139 788 1187 Deos.
806 1160 809 1165 ·

183 1218 272 1284 thue
283 1222 351 1269 suurn
360 1236 447 1269 munus
457 1235 596 1272 numerum,
610 1234 682 1283 quem
695 1216 779 1277 debet,
791 1216 904 1273 haberet,

223 1296 264 1343 Est
273 1299 307 1343 ibi
317 1296 449 1345 caesaribus
461 1297 528 1344 Livia
538 1298 618 1360 juniia
628 1298 683 1343 suis.

186 1370 322 1435 Argentum
334 1374 404 1428 felix,
415 1376 529 1438 omanue
541 1374 631 1421 beatius
643 1373 715 1421 auro!
925 1390 935 1432 ς

224 1448 317 1509 Quod,
332 1450 408 1498 fuerat
418 1453 522 1514 predum
534 1448 590 1497 cum
604 1447 679 1509 rude,
692 1464 782 1497 numen
792 1448 871 1497 habet.

189 1525 250 1574 Non
261 1530 338 1586 thi,
350 1526 445 1576 divitias
456 1526 554 1585 dando,
566 1530 657 1591 maiora
667 1524 784 1587 dediffee,

224 1603 353 1654 Coeliribus
367 1600 536 1653 missis'uostra
550 1604 593 1651 sub
607 1620 649 1653 ora
667 1606 751 1653 tribue.

190 1681 231 1730 Est
241 1680 334 1747 aliquid
344 1685 445 1747 speEIare
455 1682 537 1740 Dros,
549 1686 574 1729 ὅ(
588 1679 665 1730 adesse
676 1697 772 1746 putare,

222 1760 254 1808 Er
263 1763 330 1825 quasi
340 1777 395 1809 cum
407 1776 463 1808 vero
472 1762 571 1807 nuuuue
581 1756 647 1823 poffe
657 1758 735 1825 loqui.
926 1765 955 1795 1⁰

190 1837 290 1885 Praemia
299 1853 402 1903 quanta,
414 1838 476 1885 Dei!
490 1854 535 1885 nec
545 1854 585 1885 nie
597 1853 661 1885 tenet
670 1838 757 1886 ultima
767 1836 849 1886 tellus:

222 1915 304 1980 thue
314 1915 393 1978 prius,
403 1914 484 1963 medii
494 1917 571 1977 sospes
582 1918 607 1963 in
619 1914 683 1962 Urbe
694 1932 786 1963 moror.

191 1991 312 2042 Caesareos
322 1991 394 2040 video
405 1993 501 2049 vuitus,
515 1992 584 2040 velut
594 2006 648 2039 ante
663 1989 775 2041 videbam
787 2010 793 2039 r
848 2019 851 2024 ·

224 2068 271 2116 Vix
283 2070 352 2133 hujus
364 2072 414 2116 voti
425 2070 475 2132 spes
487 2069 533 2116 fuit
545 2068 595 2117 ulla
605 2070 675 2116 mihi.

190 2144 272 2210 thue
282 2146 429 2199 salutabam,
441 2161 530 2193 numen
541 2146 636 2193 coeleste
647 2145 733 2194 saluto.
923 2148 931 2181 ¹
942 2152 951 2196 i

224 2221 296 2283 Quod
308 2221 388 2271 reduci
399 2223 503 2281 tribuas,
513 2223 548 2270 ui1
558 2257 565 2280 ‚
577 2236 654 2286 puto,
670 2226 745 2284 majus
755 2222 835 2271 habes.

192 2300 256 2363 Quid
266 2301 350 2350 nostris
360 2300 451 2358 oculis,
463 2302 508 2347 nIsi
518 2299 569 2347 sola
580 2299 670 2347 Palatia
684 2296 784 2351 desunt?

223 2381 270 2440 Qui
281 2379 364 2437 locus,
377 2378 457 2426 ablato
468 2376 577 2429 caesare.
589 2376 644 2425 vilis
654 2379 708 2425 erit.

191 2458 260 2508 Hunc
270 2472 315 2521 ego
325 2456 381 2504 curn
391 2456 506 2519 spadium,
520 2452 605 2504 videor
615 2456 675 2503 mihi
683 2470 777 2504 cernere
788 2455 901 2504 Rumam.

223 2534 288 2583 Nam
308 2536 389 2597 patriae
407 2532 493 2580 Faciem
511 2533 607 2581 sustinet
624 2532 666 2581 ilie
682 2534 736 2581 suae.
820 2580 823 2586 ,
921 2542 951 2576 20

192 2610 288 2661 Falior?
303 2626 333 2657 an
351 2611 405 2657 irati
423 2611 482 2657 mihi
499 2610 552 2657 suut
569 2612 595 2657 iu
611 2612 715 2673 Imagine
731 2610 827 2661 vultus?

223 2690 350 2751 Torvaque
367 2687 447 2734 nescio
464 2683 524 2749 quid
540 2686 618 2733 forma
634 2690 746 2738 minantis
761 2688 850 2737 haberi

193 2766 281 2822 Parce,
302 2764 346 2811 Vir
363 2762 480 2810 immenso
493 2765 571 2825 major
586 2765 713 2813 virtutibus
728 2766 802 2827 orbe,

223 2841 331 2906 Justaque
346 2837 455 2890 vindiuae
473 2840 591 2902 supprime
608 2840 660 2889 lora
675 2856 729 2891 tue.

193 2920 277 2977 Parce,
289 2933 392 2981 precor,
413 2914 470 2963 secli
485 2914 556 2965 decus
572 2915 701 2967 indelebile
718 2920 807 2981 nostri,
917 2946 946 2998 25

222 2999 349 3045 Terrarum
369 2992 496 3044 dominum
513 3011 585 3060 quem
607 2998 648 3045 sua
666 2998 803 3046 eumfacit.

192 3073 235 3127 Per
251 3077 332 3141 partie
350 3088 457 3135 nomen,
473 3089 526 3139 que
544 3090 567 3126 re
588 3076 632 3127 ribi
650 3079 726 3125 carior
742 3077 794 3139 ipso
809 3078 859 3137 est,

703 3164 725 3215 0
742 3167 768 3246 uj
