2325 3959
301 389 693 464 numeruntur
718 395 804 461 HI.
841 417 908 479 219

199 515 276 576 Quem
287 517 370 582 procul
379 531 410 565 ut
419 514 585 574 vidistiunuln
593 515 726 579 speculator
736 517 766 565 ab
775 517 826 564 alto
839 535 847 574 3

231 595 337 660 Hospes,
350 598 384 644 eit
395 629 403 655 ,
413 595 487 644 nosco
500 629 508 653 ,
522 591 662 651 Colchide,
677 593 746 647 vein,
758 596 834 642 venit.

198 672 265 722 Dum
279 672 398 737 trepidant
411 673 519 734 Minyae,
535 669 594 720 dum
613 671 715 720 solvitur
730 683 813 735 aggere
828 671 908 727 funis,

170 750 173 755 “
231 750 298 799 Dum
314 753 421 816 sequitur
434 750 521 798 celeres
534 752 638 798 anchora
650 752 834 804 trasimenus,

200 825 304 878 Conscia
315 831 428 892 percussit
442 831 584 878 meritorum
595 829 689 891 penora
700 824 814 882 Colchis,
930 836 956 885 ις

232 907 294 955 Ausi
305 921 375 972 atque
389 906 472 956 ausuri
482 907 558 956 multa
569 903 672 954 nefanda
683 917 765 953 manus

200 983 249 1042 Et,
270 999 415 1050 quamquam
434 985 535 1049 superesi
548 987 631 1048 ingens
643 980 742 1032 audacia
753 982 846 1038 menti,

189 1061 192 1066 ’
231 1063 310 1112 Pallor
320 1067 344 1112 in
357 1068 461 1114 attonito
474 1063 573 1128 virginis
587 1079 628 1112 ore
638 1059 715 1110 sedet.

197 1139 261 1205 Ergo
273 1142 314 1190 ubi
327 1141 653 1206 prospexit'venientitve123
672 1140 811 1200 Tenemur,

231 1219 261 1268 Et
273 1233 339 1284 pater
356 1221 389 1268 est
398 1219 479 1286 aliqui
492 1219 575 1270 fraude
586 1216 737 1278 morandus,
753 1222 796 1267 ait.
933 1242 965 1275 ις,

198 1295 265 1345 Dum
274 1295 347 1361 ‚quid
357 1311 422 1362 agar,
433 1301 518 1362 quaerit
526 1296 603 1355 ,dum
613 1299 689 1345 versat
696 1299 722 1344 in
730 1297 912 1356 omrriauultus3

230 1373 268 1423 rid
279 1373 376 1425 fratrem
392 1377 445 1423 casu
458 1376 549 1424 lurnlne
561 1373 623 1423 sieta
635 1374 701 1422 tulit.

199 1451 275 1516 Cujus
294 1467 321 1501 ut
339 1452 419 1502 oblata
435 1453 468 1500 est
477 1455 621 1517 prasentia,
639 1453 782 1511 vincimus,
798 1455 901 1517 inquin·

233 1530 279 1578 iiic
294 1533 354 1578 mihi
368 1546 446 1592 morte
456 1531 497 1579 sul
508 1532 577 1578 causa
587 1530 668 1579 saletris
677 1533 732 1578 erit.

199 1609 310 1656 Protinus
325 1611 399 1674 igniri
411 1643 418 1668 ,
430 1625 474 1658 nec
487 1607 620 1675 ququurrn
630 1609 677 1658 tale
690 1609 814 1667 tiernensis,
934 1619 961 1668 25

232 1687 365 1735 innocuum
377 1685 455 1752 rigido
466 1687 572 1752 perforat
583 1689 636 1735 ense
647 1686 718 1734 lanus,
735 1682 737 1687 ’

199 1763 277 1830 Atque
288 1767 342 1822 ita,
361 1763 473 1819 divellit.
493 1763 632 1830 divulsaque
646 1765 753 1813 membra
767 1782 808 1830 per
818 1782 888 1829 agros

232 1841 353 1905 Dissipat,
371 1845 396 1890 in
413 1841 495 1890 multis
512 1839 656 1890 invenienda
674 1841 745 1889 locis.

201 1919 254 1970 Neu
273 1933 338 1984 pater
351 1922 445 1983 ignoret
457 1954 465 1978 ,
477 1919 576 1984 scopulo
588 1922 701 1983 proponit
711 1922 736 1967 in
744 1918 795 1968 alto

232 1997 397 2062 Pallentesque
409 2010 509 2054 manus,
527 1998 731 2061 sanguineumque
744 2013 827 2060 caput.
870 2037 873 2044 .
935 2027 964 2071 30

199 2074 235 2124 Ut
247 2077 341 2140 genitor
353 2075 463 2138 lusiuque
474 2089 538 2122 novo
549 2070 674 2132 tardetur,
684 2077 710 2122 δι
723 2089 787 2121 artus

232 2153 298 2201 Durn
307 2153 366 2217 legit
375 2153 498 2200 exstinslos
509 2187 516 2211 ,
531 2151 594 2200 triste
605 2165 713 2200 moretur
728 2153 783 2200 iter.

199 2230 257 2280 inde
275 2231 361 2279 Tomis
378 2229 452 2278 diuus
464 2229 593 2288 locusest3
612 2232 668 2294 quia
680 2228 755 2278 sertus
766 2231 791 2278 in
809 2230 853 2279 illo
927 2290 934 2296 ι

232 2309 343 2358 Membra
354 2311 419 2358 soror
430 2308 509 2358 fratris
517 2305 661 2358 consecuisse
672 2307 717 2356 sui.

73 2451 74 2454 ¹
216 2451 894 2525 «τω-ΨΜ)

193 2577 195 2579 ’
349 2601 721 2673 ‘utuntur

204 2703 242 2822 S
257 2789 264 2818 r
275 2771 330 2836 quis
341 2768 418 2819 adhuc
426 2770 476 2818 istic
487 2774 598 2820 meminit
608 2771 708 2822 Nasonis
716 2773 821 2834 ademti,

234 2850 265 2898 Et
279 2849 380 2914 superest
390 2851 439 2896 sine
451 2865 489 2896 me
501 2865 590 2898 nornen
600 2853 625 2898 in
636 2850 701 2899 Urbe
712 2869 792 2902 meunt
807 2873 815 2912 3

201 2929 355 2992 Suppositum
370 2925 441 2974 stellis
454 2941 584 2991 numquam
595 2929 746 2992 tangentibus
756 2949 853 2997 requos,

234 3006 276 3054 Me
294 3005 351 3052 sciat
361 3008 385 3053 in
397 3003 477 3052 medis
487 3007 565 3053 vivere
575 3007 691 3055 barbarie.
741 3045 748 3051 .

201 3087 347 3139 Snuromrtae
362 3085 478 3148 cingunt,
493 3083 606 3148 setagcns
619 3119 628 3145 ,
639 3084 748 3150 Bessique
759 3119 767 3142 ,
779 3086 910 3152 Getaeque:
931 3111 941 3154 5

733 3165 757 3214 K
766 3195 769 3198 ·
777 3166 793 3231 ij
