2325 3959
86 429 94 478 p
155 451 158 456 .

309 410 602 478 anst‘rust
626 368 726 476 ΠΒ.
751 409 782 476 Ι.
840 431 901 498 175
946 395 949 399 ’

224 527 256 578 Et
270 528 343 596 longi
351 533 426 596 pietas
438 527 536 580 excidat
547 528 590 578 illa
600 527 649 578 die.

188 603 225 654 Dl
243 609 285 655 tibi
296 611 344 657 sint
354 607 454 668 faciles,
474 611 499 658 ὁ(
508 611 559 672 opis
570 606 660 656 nullius
669 623 777 672 egentem
794 639 797 643 ν
928 618 955 666 15

224 684 356 736 Fortunani
368 687 491 752 praestent,
504 684 693 751 dissimilemque
707 703 776 736 meae.

188 764 214 811 si
231 779 313 813 tamen
323 767 371 813 hat
383 767 449 814 navis
460 777 533 817 vento
546 764 647 814 ferretur
655 767 733 814 amico
745 800 753 825 ,

222 844 374 908 ignoraretur
384 844 486 894 forsitan
502 845 544 894 ista
558 843 628 896 fides.

187 919 282 970 Thesea
293 923 412 972 Pirithous
424 939 473 971 uon
486 936 535 972 tam
549 919 657 974 sensiffet
667 925 788 979 amicum,

220 1000 244 1048 Si
255 1015 304 1048 non
318 999 498 1052 infernarum
507 999 594 1051 adlffet
605 1018 687 1069 aquas.

183 1075 220 1124 Ut
239 1075 303 1126 foret
317 1078 455 1144 exemplum
467 1083 517 1130 veri
530 1079 637 1129 Phocdus
655 1084 756 1137 amoris,

216 1156 333 1206 fecerunt
348 1158 436 1218 Furia,
450 1158 520 1208 tristis
532 1158 630 1217 Oresta,
643 1173 698 1209 tuae.

182 1233 209 1282 si
220 1249 270 1282 non
282 1235 397 1297 Euryalus
408 1235 510 1294 Rutulos
521 1234 645 1287 cecidiilet
653 1239 774 1295 inhostes,

217 1311 355 1372 Hyrtacidae
369 1313 429 1363 Niso
440 1315 517 1378 gloria
530 1316 598 1365 nulla
613 1317 686 1367 foret.

182 1387 280 1438 Scilicet
296 1405 323 1439 ut
341 1391 436 1442 fulvum
451 1393 566 1457 spestatur
576 1396 602 1442 in
613 1395 707 1459 ignibus
718 1411 816 1454 autum,
921 1407 947 1453 ²5

215 1465 337 1533 Tempore
357 1471 390 1518 sic
402 1467 466 1519 -duto
482 1469 514 1518 est
526 1471 673 1536 inspicienda
684 1471 751 1523 fides.

180 1541 249 1591 Dum
267 1549 348 1610 juvat,
365 1547 468 1598 &vultu
479 1545 540 1598 ridet
551 1551 656 1600 fortuna
667 1553 748 1602 sereno
760 1589 769 1615 ,

124 1663 125 1666 ,
213 1621 357 1674 indelibatas
369 1629 451 1675 tunila
462 1629 592 1694 sequuntur
602 1645 668 1695 opes.

179 1699 212 1748 At
230 1701 300 1749 simul
314 1704 435 1764 intonuit,
450 1704 547 1770 fugiunt
556 1725 562 1755 ε
572 1723 615 1756 nec
626 1709 733 1758 noscitur
740 1709 801 1770 ulli,

210 1777 353 1842 Agminibus
366 1785 486 1831 comitum
500 1787 541 1850 qui
553 1783 630 1834 modd
640 1788 728 1836 einum
739 1803 798 1838 erat.
917 1796 947 1843 3⁰

176 1853 256 1920 Atque
265 1859 315 1905 haec
325 1861 441 1924 exemplis
453 1859 578 1926 quondam
588 1863 689 1914 colleiia
702 1868 808 1929 priorum
822 1901 831 1926 ,

211 1931 283 1981 Nunc
293 1937 353 1982 mihi
364 1938 417 1985 sunt
426 1942 528 2002 propriis
540 1943 639 2004 cognita
651 1958 708 1992 uera
718 1943 797 1993 malit.

177 2009 225 2058 Vix
234 2009 282 2059 duo
293 2024 368 2082 tresue
377 2015 438 2062 mihi
447 2013 476 2064 de
488 2029 525 2064 tot
535 2017 657 2081 superestis
668 2023 755 2071 amici:

212 2087 299 2138 Cetera
310 2091 435 2150 Fortuna,
452 2107 502 2142 non
511 2108 579 2148 mea,
600 2096 732 2146 turbafuit.

178 2165 234 2226 Quo
245 2169 335 2232 magis,
354 2185 369 2217 ο
386 2170 474 2234 pauci!
489 2171 557 2220 rebus
570 2173 699 2224 succurrite
710 2175 797 2241 lapsis,
915 2182 943 2228 ³5

209 2243 240 2292 Et
260 2243 314 2294 date
326 2245 452 2312 naufragio
462 2247 533 2298 litora
545 2264 596 2316 tuta
607 2268 672 2302 meo.

177 2319 243 2370 Neve
255 2339 319 2372 metu
331 2323 392 2373 falso
403 2327 507 2376 nimidm
520 2327 637 2394 trepidate
650 2365 658 2391 ,
669 2333 796 2396 timentes,

207 2399 257 2449 Hac
274 2399 411 2452 offendatur
426 2421 455 2454 ne
468 2409 555 2470 pietate
566 2408 640 2458 Deus.

175 2478 237 2540 Saepe
249 2475 322 2527 fidem
333 2478 435 2530 adversis
444 2487 517 2532 etiam
529 2484 637 2536 laudavit
647 2489 673 2536 in
683 2492 773 2549 annis,

205 2556 278 2622 lnque
288 2560 333 2606 suis
344 2577 409 2610 amat
420 2565 481 2614 hanc
492 2565 589 2626 Caesar,
607 2571 632 2621 in
642 2569 709 2618 holle
719 2572 814 2635 probat.
835 2631 840 2639 Ι
908 2582 942 2625 40

174 2631 251 2682 Causa
266 2651 319 2683 mea
334 2637 366 2685 eil
386 2639 492 2700 melior,
509 2647 550 2707 qni
562 2660 613 2693 non
622 2651 741 2697 contraria
753 2647 803 2700 fovi

207 2712 278 2758 Arma
289 2730 296 2768 3
309 2711 349 2762 sed
362 2715 423 2765 hanc
435 2722 511 2768 merui
524 2721 677 2787 simplicitate
689 2725 782 2790 fugam.

175 2785 285 2852 invigiles
299 2791 371 2853 igitur
380 2795 464 2844 nostris
472 2813 516 2860 pro
526 2801 631 2856 casibus,
642 2817 686 2852 oro
698 2821 708 2863 3

206 2863 316 2913 Diminui
336 2870 355 2914 si
367 2869 414 2933 qul
429 2875 532 2922 numinis
541 2877 576 2923 ‘ira
588 2878 672 2941 potest.

174 2941 235 2992 Scire
250 2958 317 2991 meos
328 2946 346 2992 si
356 2949 409 3010 quis
420 2951 484 2997 casus
495 2949 613 3003 desideret
622 2972 722 3017 omnes3
756 2967 763 2975 '
870 2966 873 2972 '
905 2959 935 3004 45

204 3019 258 3068 Plus
268 3055 276 3080 ,
296 3021 369 3088 quaint
380 3025 446 3090 quod
463 3026 513 3078 lieri
524 3047 559 3080 res
570 3035 642 3090 sinit,
650 3036 692 3086 ille
702 3053 776 3102 petat.
795 3046 799 3052 '

173 3097 221 3148 Tot
230 3099 357 3151 malasum
367 3100 445 3168 pallus
456 3140 465 3170 ‚
484 3124 544 3176 quot
553 3112 578 3161 iu
589 3115 675 3165 aethere
690 3115 766 3165 sidera
775 3118 870 3183 lucent5

652 3250 656 3254 ,
712 3192 779 3250 Hir
