2325 3959
325 367 592 433 Turturum
620 358 714 427 Lru.
752 358 795 427 V.
853 366 920 444 269

222 495 908 569 <Qu

380 640 635 706 ELEGIA
674 638 750 701 XI.

207 729 354 930 Quem
366 819 388 853 te
397 806 478 853 nescio
494 805 546 869 quit
560 817 602 867 per
615 802 692 867 jurgia
702 794 788 848 dixerit
801 796 847 848 elle
900 849 908 867 1

285 880 330 930 ulis
340 898 437 931 uxorem
449 915 459 941 ,
470 880 538 931 litera
548 878 629 945 quella
640 892 681 927 tua
694 876 735 925 est.

201 955 318 1017 indolui,
335 975 386 1009 non
397 974 447 1009 tam
456 975 511 1008 mea
520 954 588 1023 quod
600 955 698 1005 fortuna
710 951 774 1003 mali
783 952 867 1015 audit,

235 1035 284 1096 Qui
294 1040 344 1102 jam
359 1038 471 1086 consuevi
482 1035 576 1084 fortiter
587 1031 633 1082 else
644 1033 732 1091 miser3

198 1111 283 1173 Quim
301 1117 374 1178 quia,
385 1118 424 1163 eui
438 1111 538 1163 minimi
549 1112 656 1171 vellem,
667 1114 713 1159 sim
724 1112 793 1160 causa
802 1108 914 1177 pudoris,
934 1114 946 1163 5

233 1190 317 1255 Teque
325 1208 376 1240 rear
387 1191 470 1241 nolitis
480 1187 597 1239 erubuirle
607 1188 686 1238 malis.

199 1264 301 1326 Perfer,
320 1272 345 1316 &
362 1266 470 1317 obdura:
482 1266 562 1316 multo
575 1268 684 1331 graviora
693 1264 782 1325 tulisti,

231 1341 298 1391 Crlm
314 1361 353 1392 me
367 1345 478 1408 surripuit
492 1346 608 1407 Principis
619 1345 654 1391 ira
665 1343 717 1391 tibi.

198 1420 300 1471 Fallitur
317 1421 358 1469 iste
376 1436 469 1475 tamen,
489 1418 643 1486 quujudice,
654 1422 767 1468 nominor
781 1420 854 1469 exsul.
923 1420 925 1424 ’

231 1498 334 1548 Mollior
351 1499 383 1547 est
394 1498 490 1563 culpam
500 1514 572 1562 poeua
587 1499 668 1546 secura
681 1513 770 1546 meam.
933 1512 961 1543 ro

197 1573 307 1624 Maxima
323 1591 395 1640 parua
410 1577 471 1625 mihi
486 1575 533 1635 est,
546 1576 624 1639 ipsum
643 1570 769 1625 offendiffe
781 1576 910 1643 :priusque

228 1652 336 1702 Veniffet
345 1652 444 1702 mallem
454 1652 542 1702 funeris
551 1654 612 1702 hora
621 1654 691 1701 mihi.

197 1726 285 1789 Qualia
293 1746 374 1781 tamen
383 1730 462 1780 nostra
468 1731 511 1790 est,
520 1747 570 1780 uon
578 1729 661 1790 fraaa,
670 1748 713 1781 nec
720 1733 806 1783 obruta
813 1737 908 1799 puppls;

228 1806 309 1873 thue
320 1824 384 1859 earet
394 1824 482 1874 portu,
495 1812 528 1859 sit
542 1826 623 1860 tamen
634 1810 706 1859 exstat
716 1816 792 1877 aquis.

196 1884 248 1934 Nec
265 1890 359 1946 vitam,
374 1904 418 1936 nec
433 1904 504 1951 opes,
515 1903 559 1935 nec
571 1891 607 1951 lus
618 1890 678 1937 mihi
689 1892 747 1938 civit
759 1886 865 1949 ademit,
929 1903 955 1952 ις

227 1962 287 2023 Quae
302 1966 377 2012 merui
387 1966 448 2012 vitio
459 1961 555 2028 perdere
568 1966 652 2013 cunita
664 1982 728 2015 meo.

150 2083 153 2089 .
194 2036 241 2087 Sed
251 2043 307 2104 quia
320 2055 420 2103 peccato
431 2039 522 2089 facinus
536 2056 587 2088 non
599 2038 678 2090 adfuit
686 2042 739 2103 illi,

227 2114 270 2165 Nil
280 2119 326 2165 nisi
337 2133 375 2165 me
385 2119 467 2181 patriis
477 2118 545 2181 jussit
555 2114 632 2166 abelle
642 2116 712 2167 focis.

192 2192 274 2259 thue
285 2195 350 2249 aliis,
362 2211 489 2243 numerum
500 2210 604 2260 quorum
611 2193 781 2260 comprendere
788 2212 838 2247 nou
848 2196 890 2259 eli,

223 2271 358 2323 Caesareum
366 2288 472 2331 numen,
485 2274 519 2321 sic
528 2274 588 2321 mihi
597 2306 606 2332 ,
614 2274 674 2321 mite
685 2272 740 2321 fuit.
925 2286 956 2318 :o

192 2347 244 2415 lpse
259 2349 374 2415 relegati,
384 2366 435 2399 nou
445 2350 529 2399 exsulis
541 2384 550 2410 ,
563 2354 638 2399 utitur
649 2353 675 2399 in
690 2366 729 2399 me

223 2424 329 2476 Nomine
341 2446 347 2475 r
360 2442 412 2476 tuta
420 2428 464 2476 suo
473 2425 554 2492 judice
565 2430 635 2477 causa
644 2444 698 2477 mea
710 2426 751 2476 est.

191 2501 244 2552 iure
254 2506 328 2567 igitur
338 2502 419 2553 laudes
431 2538 439 2563 ,
457 2503 554 2564 Caesar,
569 2521 613 2568 pro
623 2519 690 2569 parte
701 2503 765 2555 virili

221 2577 338 2629 Carmina
345 2580 425 2631 nostra
440 2596 510 2640 tuas,
523 2581 725 2648 qualiacumque,
742 2597 840 2635 canunt.

190 2651 243 2705 iure
258 2656 340 2716 Deos,
357 2672 384 2706 ut
399 2655 476 2706 adhuc
487 2658 544 2707 coeli
554 2660 599 2706 tibi
610 2658 693 2708 limina
709 2658 851 2721 claudant„
921 2667 947 2712 ²5

217 2732 243 2784 ,Τ
244 2748 303 2797 eque
317 2731 393 2781 velint
402 2736 451 2782 siue
460 2736 500 2793 se,
513 2750 668 2799 comprecor,
684 2732 730 2785 elle
741 2736 831 2787 Deum.

189 2808 334 2876 Optatidem
345 2810 463 2874 Populus,
476 2808 515 2860 sed
527 2826 555 2860 ut
567 2815 595 2861 in
604 2828 669 2861 mare
679 2812 779 2866 flumina
789 2817 879 2869 vastum
890 2853 899 2877 ‚

219 2892 257 2938 Sic
272 2889 333 2939 solet
349 2892 437 2955 exigua
454 2907 547 2941 currere
562 2894 626 2943 rivus
640 2909 715 2959 aque.

186 2968 218 3020 At
228 2982 252 3016 tu
266 2967 403 3023 fortunam,
420 2972 487 3035 cujus
496 2985 571 3019 vocor
583 2970 647 3019 exsul
658 2972 687 3021 ab
697 2988 754 3033 ore,

217 3045 323 3099 Nomine
336 3044 446 3099 mendaci
456 3064 527 3115 parce
536 3063 633 3115 gravare
642 3066 730 3101 meam.
915 3061 945 3105 ,o

708 3130 737 3183 M
756 3128 784 3199 iij
