2325 3959
271 426 336 522 182
412 451 456 520 P.
484 452 643 520 omn
663 449 858 518 NAsourt

265 572 312 624 Sed
324 589 405 624 tamen
420 577 445 624 in
460 573 524 624 duris
540 588 702 624 remanentem
717 574 787 621 rebus
799 573 923 628 amicum,
940 561 947 572 ”

227 677 229 684 ’
298 652 440 712 Quamlibet
449 655 541 712 inviso,
556 652 656 711 Cesar,
673 655 698 702 in
709 651 795 709 holle,
808 649 902 714 probat.

218 723 245 774 ²5
266 726 317 776 Nec
335 727 396 777 solet
405 730 473 777 irasci
484 763 493 787 ‚
510 744 587 794 neque
603 731 668 778 enirn
678 723 825 776 moderatior
834 724 914 782 alter,

295 803 363 854 cum
371 808 424 871 quis
433 809 458 854 in
469 803 589 864 adversis,
600 803 688 871 siquid
699 806 806 861 mavit,
823 815 898 850 amat.

264 882 302 931 De
317 887 406 933 comite
422 884 527 948 Argolici
539 884 591 948 poll
597 882 673 948 quim
683 884 800 947 cognovit
810 879 916 938 Oreste,

296 961 412 1011 Narratur
423 959 528 1024 Pyladen
538 963 588 1026 ipse
596 958 704 1026 proball'e
713 963 736 1009 T
738 964 804 1008 ltoat.

265 1040 324 1101 Quae
337 1041 384 1090 fuit
395 1038 511 1090 Aulotitltt
521 1056 576 1088 cunr
583 1055 678 1104 magno
685 1041 783 1103 ,sentpet
793 1037 903 1097 Achille,

218 1127 248 1176 30
296 1117 398 1168 Laudari
409 1117 479 1170 solita
488 1118 521 1165 est
532 1117 640 1166 Helioris
650 1133 691 1165 ore
701 1114 769 1166 fides.

264 1195 338 1258 Quod
352 1191 904 1260 piutarlmaneaTheseutcometiffetarnioo,
932 1263 935 1268 ,
956 1215 960 1238 :

297 1275 437 1323 Tartareum
452 1272 535 1322 dicunt
546 1271 676 1322 indoluill'e
686 1273 776 1322 Deum.

263 1351 361 1414 Euryali
372 1351 471 1418 Nisique
483 1349 530 1400 fide
539 1353 602 1410 tibi,
614 1352 710 1411 Turne,
721 1350 796 1400 relati
809 1386 818 1409 ‚

297 1428 420 1479 Credibile
437 1430 470 1478 est
482 1429 593 1492 lacrymis
604 1427 755 1479 immaduille
766 1445 846 1494 genas.
921 1453 933 1462 ‘

218 1521 243 1567 35
264 1505 303 1554 Est
317 1509 389 1555 etiam
401 1509 491 1555 miseris
503 1510 594 1571 pictas,
611 1511 636 1556 δι
648 1510 673 1556 in
683 1507 748 1556 hoste
763 1507 885 1571 probatur.

297 1583 342 1632 Hei
351 1587 410 1632 mihi
422 1587 428 1634 l
440 1583 514 1650 qualm
525 1601 613 1649 paucos
624 1588 674 1634 hac
684 1601 738 1633 mea
749 1584 811 1633 diua
822 1582 935 1633 movent!

263 1659 309 1708 Hic
320 1661 390 1709 status
399 1696 407 1720 ‚
424 1665 473 1711 haec
485 1678 562 1710 rerum
571 1679 634 1711 nunc
643 1663 677 1711 est
684 1663 894 1713 fortunaruearum
902 1697 912 1721 ,

296 1737 388 1787 Debeat
399 1754 425 1788 ut
436 1740 548 1801 lacrymis
559 1740 638 1788 nullus
650 1738 728 1789 adelse
739 1739 833 1789 modus.

247 1827 250 1838 ¹
264 1815 295 1864 At
306 1833 359 1865 men
370 1818 440 1872 sunt,
453 1821 551 1882 proprio
562 1822 673 1883 quamvis
683 1819 827 1868 maestissima
836 1819 889 1866 casu
904 1851 913 1878 ,

117 1888 119 1892 ¹
214 1897 247 1944 40
295 1893 391 1943 Pteiora
401 1893 508 1960 processu
521 1895 580 1944 falia
589 1898 668 1946 serena
679 1913 731 1946 tuo.

263 1973 318 2022 Hoc
329 1989 469 2023 eventurum
480 1978 528 2039 lam
542 1989 614 2036 tunt,
634 1979 772 2035 carissime,
787 1973 839 2024 vidi
851 1991 863 2033 ,·

296 2052 375 2101 Ferret
389 2051 466 2102 adhuc
476 2053 544 2102 istam
556 2054 612 2102 etim
623 2057 704 2103 minor
717 2069 773 2104 aura
787 2069 872 2102 ratem.

263 2129 316 2178 Sive
327 2128 426 2196 aliquod
437 2147 532 2182 morum
542 2165 550 2189 ,
559 2132 599 2178 seu
608 2133 664 2179 vite
676 2130 729 2179 labe
740 2134 841 2180 carentia

294 2208 334 2256 Est
344 2213 446 2273 pretium
454 2226 461 2267 ;
470 2225 542 2258 nemo
548 2207 750 2272 pluris-habendus
761 2211 814 2256 erit.

213 2293 241 2340 45
262 2285 315 2333 Sive
326 2301 366 2349 per
378 2289 491 2348 ingenuas
499 2283 585 2349 aliquis
595 2285 831 2350 caput-extulitarter
842 2319 853 2345 ,

295 2363 414 2423 Quaelibet
424 2363 522 2427 eloquio
534 2360 632 2411 fitbona
643 2354 712 2411 causa
724 2375 775 2410 tuo.

261 2440 305 2490 Eis
318 2456 362 2505 ego
373 2453 509 2488 commotus
519 2474 527 2499 ‚
536 2438 588 2488 diri
599 2441 643 2489 tibi
654 2443 761 2506 protinus
772 2441 832 2504 ipsi3

294 2520 368 2568 Stena
381 2531 462 2566 manet
472 2515 661 2583 dotesgrandir,
673 2521 768 2578 amice,
781 2533 842 2567 tuat.

258 2597 319 2646 llaec
334 2597 394 2644 milri
404 2611 453 2643 non
463 2599 548 2644 ovium
556 2594 621 2645 fibroe
631 2599 763 2646 tonitrusve
773 2597 877 2657 sinistri,

216 2680 225 2724 5
230 2679 245 2711 0
294 2674 414 2737 Linguave
425 2675 533 2735 servate,
552 2691 673 2739 pennave,
684 2673 810 2726 diritatis.

261 2751 393 2816 Augurium
410 2753 472 2800 ratio
486 2751 535 2811 eli,
553 2757 577 2801 it
594 2755 729 2819 tonjtstura
740 2753 829 2814 futuri3

293 2829 344 2878 Hac
355 2827 476 2890 divinavi,
490 2833 650 2898 notitiamque
661 2832 715 2881 ruli.

262 2905 320 2966 Qua
336 2910 450 2972 quoniam
461 2923 511 2958 rata
523 2911 594 2965 sunt,
609 2910 661 2959 toti
671 2913 732 2959 mihi
743 2925 823 2959 mente
835 2912 928 2973 tibique

229 2996 232 3008 ⁴
294 2984 423 3046 Gratulor,
435 2990 559 3052 ingenium
569 3004 620 3036 non
631 2985 723 3037 latuill'e
734 3003 812 3038 tuum.

215 3065 242 3115 55
262 3063 292 3112 At
310 3063 414 3113 nostrum
426 3067 527 3114 tenebris
538 3069 630 3115 utinam
641 3065 743 3115 latuillet
753 3069 860 3118 iuimitl

294 3141 404 3207 Erprdlit
413 3141 489 3193 lludio
504 3143 587 3193 lumen
597 3140 673 3192 abess'e
683 3159 750 3194 tneo.

1090 1792 1098 1885 l
