2325 3959
199 503 204 506 .
253 435 319 501 108
394 422 436 502 P.
467 420 622 501 Orrnrr
645 433 840 501 NAsorsrs

283 555 330 602 Vix
337 553 451 606 instillato
461 553 604 606 restituenda
614 565 696 616 mero3

250 629 409 683 Nuntiethuc
419 634 504 700 aliquis
514 631 639 684 dominam
649 630 753 695 veniffe,
765 626 898 698 resurgatur
960 706 964 715 .

283 712 385 777 Spesque
396 715 431 762 tui
441 715 510 762 nobis
521 715 590 762 causa
606 715 695 777 vigoris
705 715 761 762 erit.

204 798 231 850 ις
252 787 314 854 Ergo
324 805 370 855 ego
381 793 433 840 sum
444 794 500 841 vic:
514 789 600 840 dubius
611 808 617 837 ι
629 805 656 839 tu
667 789 767 839 forsitan
774 788 827 837 illic

282 865 418 918 Iucundum
426 902 433 928 ‚
442 869 514 918 nostri
522 869 616 927 nescia,
629 882 722 933 tempus
733 869 799 932 agis?

250 943 308 994 Non
319 949 384 1010 agis,
396 945 489 996 affirmo
498 963 505 995 e
515 945 608 1010 liquet,
619 945 651 994 o!
664 947 799 1003 carissima,
811 941 894 1008 nobis,

186 1019 191 1026 ’
282 1023 387 1089 Tempus
398 1027 436 1090 agi
445 1027 495 1072 sine
504 1038 542 1072 me
552 1040 602 1072 non
612 1025 658 1072 nisi
669 1023 733 1072 triste
744 1023 798 1071 ribi.

251 1103 275 1151 Si
285 1117 365 1152 tamen
376 1102 486 1167 implevit
496 1116 549 1151 mea
562 1103 628 1161 sors,
639 1117 700 1167 quos
710 1100 794 1150 debuit
803 1132 812 1159 ‚
824 1107 920 1157 annot,

204 1194 234 1240 30
282 1179 313 1230 Et
325 1182 386 1229 mihi
396 1177 492 1231 vivendi
502 1194 552 1228 tam
563 1178 613 1228 cito
621 1178 675 1229 finis
686 1177 763 1237 adell3

251 1258 373 1319 Quantum
385 1273 448 1313 erat,
459 1275 475 1306 o
483 1261 583 1324 magni,
594 1259 699 1323 perituro
708 1272 803 1322 parcere
812 1289 821 1317 ,
830 1251 902 1306 Diuil

283 1335 318 1386 Ut
329 1335 412 1386 saltem
421 1333 498 1402 patrii
508 1333 687 1385 contumularer
698 1337 783 1382 humo.

251 1413 296 1464 Vel
307 1430 378 1480 poena
387 1417 413 1464 in
424 1417 509 1464 mortis
519 1428 613 1479 tempus
623 1411 698 1463 dilata
708 1409 808 1467 furnes,

284 1492 329 1542 Vel
340 1489 485 1560 prarcepiffet
496 1508 560 1542 mort
572 1505 698 1557 properata
708 1489 800 1556 fugam.

204 1585 230 1632 35
251 1569 344 1636 lnteger
353 1574 414 1620 hanc
424 1573 493 1636 potui
504 1586 578 1635 nuper
589 1570 649 1618 bene
659 1566 758 1618 reddere
768 1566 864 1616 lucem:

284 1649 355 1698 Exsul
363 1665 389 1699 ut
396 1646 530 1698 occiderem
541 1661 605 1697 nunc
615 1649 675 1697 milri
684 1650 735 1697 vita
746 1644 802 1695 data
811 1647 853 1695 est.

252 1727 314 1776 Tam
324 1727 408 1792 procul
417 1728 506 1790 ignotis
516 1729 589 1791 igitur
597 1727 759 1775 moriemutin
769 1727 833 1774 orisi

285 1803 316 1853 Et
326 1803 385 1853 fient
394 1805 446 1869 ipso
457 1803 530 1852 tristia
541 1802 591 1852 fata
600 1803 672 1855 loco?

252 1880 304 1930 Nec
316 1897 369 1930 mea
382 1883 496 1930 consueto
504 1880 659 1946 languescunt
665 1896 766 1946 corpora
776 1879 846 1929 reno.

202 1975 235 2021 40
283 1959 426 2026 Depositum
437 1974 480 2008 nec
490 1975 529 2008 me
540 1962 583 2026 qui
591 1957 661 2019 fleat,
675 1959 738 2007 ullus
749 1960 803 2007 etit.

252 2037 303 2088 Nec
313 2072 321 2098 ,
332 2035 437 2088 dominat
447 2036 558 2100 lacrymis
569 2035 683 2086 innostra
696 2033 834 2085 cadentibus
845 2050 887 2083 ora
896 2065 907 2087 s

283 2114 404 2177 Accedent
413 2119 497 2165 anima
505 2132 614 2181 tempora
621 2131 693 2180 parva
698 2130 766 2163 meae.

251 2191 303 2242 Nec
314 2192 427 2244 mandata
437 2193 516 2243 dabo?
528 2210 572 2242 nec
585 2210 641 2241 cum
651 2193 757 2242 clamore
768 2193 880 2257 supremo
954 2191 957 2194 ’

283 2271 399 2322 labentes
410 2272 494 2322 oculos
505 2269 594 2321 condet
604 2275 681 2323 amica
692 2287 785 2320 manus.

201 2368 230 2416 45
252 2347 297 2400 Sed
307 2353 357 2399 sine
367 2350 488 2400 funeribus
497 2364 568 2414 caput
578 2351 642 2409 hoc,
655 2352 704 2399 sine
715 2351 806 2397 honore
816 2347 918 2413 sepulcri

284 2427 463 2493 Indeploratum
475 2428 573 2476 barbara
584 2443 645 2477 terra
654 2442 726 2492 teget.

251 2503 357 2570 Ecquid,
372 2520 397 2555 ut
411 2502 524 2560 audieris,
535 2506 588 2555 toti
598 2506 723 2555 turbabere
735 2507 833 2555 mente?

283 2582 314 2633 Et
322 2583 392 2632 feries
401 2581 488 2648 pavidi
497 2584 592 2647 petrosa
600 2581 649 2633 fida
658 2586 746 2633 manui

251 2658 363 2726 Ecquid,
376 2663 401 2710 in
412 2662 453 2709 has
467 2659 551 2710 frustra
561 2659 660 2710 tendens
670 2675 711 2710 cua
720 2659 817 2711 brachia
827 2671 920 2724 partes,

206 2752 235 2799 5o
283 2737 406 2789 Clamabis
417 2739 496 2787 miseri
507 2754 596 2788 nomen
606 2740 676 2788 inane
685 2740 747 2791 viri?

253 2816 325 2865 Parce
336 2829 416 2865 tamen
427 2815 528 2869 lacerare
538 2831 627 2881 genas3
639 2831 683 2865 nec
695 2813 776 2865 scinde
789 2813 906 2880 capillos,

284 2893 342 2943 Non
352 2894 396 2943 tibi
406 2909 469 2942 nunc
480 2895 601 2959 prirntim,
615 2894 656 2944 lux
665 2910 736 2954 mea,
747 2908 827 2960 raptus
838 2908 889 2942 ero.
907 2907 914 2918 ·

252 2969 523 3036 compatiamur,
539 2986 592 3022 turn
605 2988 644 3021 me
654 2970 747 3038 periill'e
759 2985 859 3036 putatos

285 3049 315 3099 Er
324 3051 402 3115 prior,
414 3053 438 3099 δε
447 3053 541 3114 gravior
549 3066 614 3099 mors
625 3050 671 3099 fuit
683 3049 726 3098 illa
736 3051 806 3098 mihi.

203 3147 233 3198 55
252 3127 338 3193 Nunc,
355 3129 446 3180 silotte
456 3144 540 3196 potes,
552 3127 652 3179 sednon
661 3143 740 3194 potes,
752 3130 846 3194 optima
856 3129 964 3192 coniux,
