2325 3959
257 432 321 497 132
396 407 439 477 P.
467 412 625 481 Orruit
648 415 843 483 NAsonrs

283 530 315 579 Et
324 534 415 595 promit
426 530 518 598 quallas
525 538 718 602 comminuitque
730 536 800 585 faces.

251 612 320 658 Stant
337 611 422 676 calices
430 630 436 660 z
444 614 524 661 minor
535 611 591 663 inde
602 613 668 663 fabas
679 649 687 675 ,
699 614 752 663 olus
760 614 818 664 alter
829 611 993 672 habebant3

203 708 251 757 5¹⁰
283 688 313 738 Et
324 691 434 755 spumant
443 693 501 741 teliu
509 690 598 757 preuus
610 708 708 760 uterque
718 696 770 744 suo.

250 765 364 832 Dumque
375 786 443 819 mota
453 771 486 819 est
497 804 506 830 ,
515 771 619 821 tremuli
625 770 667 821 dat
676 774 731 823 vina
739 772 846 821 rubentia
856 767 972 819 dextri.

284 845 379 911 Accipit
392 863 515 913 aequoreus
524 848 612 915 pocula
619 853 697 915 prima
708 850 782 899 Deus.
809 874 813 882 ·

250 920 311 981 Qua
321 924 392 973 simul
402 928 523 981 exhausit,
533 926 573 977 Da
583 944 646 977 nunc
656 928 722 991 bibat
729 925 813 977 ordine
822 960 831 987 ,
840 922 930 980 dixit,

280 1003 403 1067 luppiter:
413 1003 513 1065 audito,
524 1005 611 1070 palluit
621 1005 680 1061 ille,
691 1006 760 1055 Jove.

202 1078 284 1150 515Ut
291 1080 362 1130 rediit
369 1085 462 1139 animus
472 1116 481 1142 ,
494 1083 614 1133 cultorem
624 1086 731 1148 pauperis
742 1082 793 1147 agri

282 1159 414 1219 immolat,
426 1165 456 1216 ,δι
467 1177 556 1226 magno
567 1176 642 1211 torret
649 1164 674 1210 in
685 1163 739 1225 igne
746 1161 843 1208 bovem.

248 1235 355 1303 Quaque
364 1254 422 1303 puer
431 1236 553 1305 quondam
562 1242 645 1305 primis
655 1236 784 1289 diffuderat
794 1238 882 1295 aunis,

280 1314 365 1367 Prodit
373 1316 468 1366 fumoso
478 1315 576 1367 condita
586 1321 643 1367 vina
655 1315 725 1366 caclo.

248 1393 301 1444 Nec
312 1408 381 1445 mora
392 1415 398 1444 t
412 1394 552 1452 flumineam
563 1394 615 1445 lino
626 1395 756 1445 celantibus
766 1391 866 1449 ultam,

199 1489 248 1535 5²0
281 1473 319 1521 Sic
328 1488 424 1539 quoque
435 1489 484 1523 non
492 1473 562 1531 altis,
573 1470 712 1523 discubuere
723 1473 789 1521 toris.

248 1548 320 1602 Nunc
331 1548 410 1615 dape,
421 1567 485 1601 nunc
493 1554 573 1615 posito
584 1551 670 1599 mensa
679 1553 770 1599 nituere
779 1547 863 1610 lyco.

280 1627 354 1676 Tetra
363 1629 448 1677 rubens
458 1643 549 1689 crater,
561 1628 648 1694 pocula
659 1628 726 1693 fagus
736 1641 812 1677 etant.
841 1681 845 1687 ‚

246 1703 326 1752 Verba
334 1704 399 1753 luere
412 1705 492 1764 Jovis3
505 1708 530 1754 si
540 1704 600 1772 quid
610 1706 657 1757 fert
666 1708 786 1770 impetus,
801 1698 876 1767 0er

279 1781 360 1830 Omne
371 1780 441 1830 feres.
453 1781 544 1831 Placidi
553 1785 626 1833 uerba
636 1783 702 1832 fuere
712 1784 772 1831 ienis
784 1798 793 1839 ·,

193 1872 208 1916 ,t
216 1871 240 1915 25
248 1856 312 1909 Cata
321 1858 369 1908 fuit
381 1863 487 1926 conjux,
498 1864 581 1925 primae
591 1863 652 1911 mihi
660 1877 716 1910 cura
725 1864 826 1924 juventae

279 1937 386 2004 Cognita
398 1956 404 1987 t
416 1953 479 1988 nunc
489 1940 530 1987 ubi
540 1942 571 1988 sit
578 1974 587 2000 ‚
600 1942 720 2005 quaeritis?
733 1953 791 1987 urna
799 1937 869 2001 tegit.

244 2017 308 2067 Huic
318 2033 364 2083 ego
373 2021 477 2082 juratus,
491 2018 560 2067 vobis
569 2021 596 2067 in
605 2018 677 2067 verba
685 2018 776 2068 vocatis
787 2050 797 2077 ,

277 2094 402 2161 Coniugio
411 2094 461 2145 dixi
472 2096 524 2148 sola
532 2094 607 2145 fruere
618 2112 683 2145 meo.

245 2171 277 2221 Et
291 2170 340 2221 diri
351 2207 361 2233 ‚
372 2177 397 2223 it
408 2176 475 2224 servo
486 2192 492 2223 t
505 2171 621 2223 sedenim
632 2170 842 2223 diversavoluntas

197 2262 243 2311 13⁰
276 2249 316 2299 Est
328 2252 389 2299 mihi
399 2269 404 2298 t
415 2256 459 2300 nce
469 2256 574 2316 conjux,
588 2255 614 2301 ic
627 2266 710 2317 patet,
721 2248 768 2301 elle
777 2249 846 2300 volo.

242 2328 382 2379 Annucrant
394 2344 477 2378 omnes
488 2348 495 2377 e
507 2345 591 2378 omnes
602 2326 632 2378 ad
643 2343 709 2395 terga
719 2332 825 2393 juvenca

275 2403 438 2456 Constiterant
446 2424 453 2455 ε
460 2404 538 2471 pudor
547 2406 579 2455 est
591 2405 704 2456 ulteriora
716 2406 794 2471 loqui.

242 2482 308 2531 Tum
318 2485 386 2549 supet
393 2484 478 2548 injcdii
486 2499 563 2534 texere
571 2482 692 2534 madentia
705 2482 776 2533 tetri.

274 2564 374 2630 Jamque
384 2562 468 2613 decem
479 2566 570 2614 menses
581 2581 591 2623 3
602 2568 627 2614 ic
637 2581 695 2629 puer
708 2578 774 2613 ortus
785 2574 843 2613 etat.

195 2641 312 2713 535Hunc
330 2642 448 2705 Hyrieus,
466 2645 523 2709 quia
533 2645 566 2693 ric
576 2646 688 2708 genitus,
705 2656 777 2691 votat
785 2641 888 2691 Uriona.

273 2718 381 2770 Perdidit
390 2723 516 2786 antiquum
527 2720 595 2772 litera
605 2724 682 2787 prinu
693 2722 788 2771 sonum.

239 2796 356 2847 Creverat
367 2798 512 2847 immensum
523 2802 657 2849 :comitem
668 2800 712 2847 sibi
719 2799 790 2849 Delia
801 2799 895 2848 sumsit.

271 2875 316 2924 lile
329 2874 389 2923 Deae
399 2874 491 2934 custos,
502 2876 543 2926 ille
554 2877 647 2927 satelles
654 2892 714 2930 etat.

238 2952 317 3002 Verba
327 2966 426 3003 movent
436 2955 482 3003 iras
491 2969 541 3003 non
551 2955 849 3021 circumspetiaDeotum

192 3054 242 3101 5⁴0
274 3030 354 3090 Quam
370 3045 487 3095 nequeam
499 3062 508 3088 ‚
525 3028 585 3081 dixit
597 3066 607 3091 ,
618 3035 730 3093 vincere,
746 3033 812 3083 nulla
822 3034 871 3085 feta
881 3028 920 3081 elli

214 3133 219 3139 ·
240 3110 357 3174 Scorpion
366 3109 467 3158 iuunisit
477 3105 559 3157 Tellus
566 3126 572 3157 ε
579 3107 626 3159 fuit
636 3110 737 3177 impetus
747 3106 785 3156 illi
