2325 3959
305 386 372 459 354
444 366 487 463 R.
513 372 669 448 01111211
692 372 902 439 NAsoters

432 688 771 749 EPISTOLA
813 688 898 749 IV.

398 845 938 909 SEXTOPOMPEIO.

307 936 458 1075 Num
477 1007 527 1057 dies
544 1005 606 1057 adeo
614 1008 648 1057 est
657 1008 794 1059 australibus
805 1008 919 1059 humida
931 1011 1032 1070 nimbis,

339 1085 396 1135 Non
405 1088 542 1134 intermissis
554 1100 580 1135 ut
594 1085 652 1136 fluat
663 1088 740 1135 imber
751 1090 828 1151 aquis.

306 1162 358 1213 Nec
369 1161 451 1211 sterilis
462 1162 528 1212 locus
540 1163 602 1211 ullus
614 1165 649 1212 ita
660 1164 709 1223 est,
722 1179 749 1213 ut
763 1180 813 1212 nou
827 1166 863 1214 sit
876 1167 905 1213 in
917 1165 969 1215 illo

341 1240 418 1289 Mixta
439 1239 486 1289 feri
505 1238 569 1289 duris
586 1240 650 1290 utilis
666 1242 738 1290 herba
751 1242 825 1290 rubis.

277 1334 288 1382 ς
311 1316 351 1365 lii
372 1316 432 1367 adeo
453 1318 558 1367 fortuna
578 1322 656 1383 gravis
673 1318 805 1367 miserabile
827 1318 914 1375 fecit,

343 1394 377 1443 Ut
394 1398 503 1465 minuant
522 1395 590 1445 nulli
607 1393 693 1461 gaudii
710 1412 767 1460 pace
787 1396 898 1445 malum.

309 1472 370 1522 Eece
386 1471 460 1521 domo
475 1474 598 1539 patriique
612 1488 711 1532 terens,
727 1472 850 1539 oculisque
864 1490 1000 1535 meorum,

342 1550 477 1615 Naufragus
493 1554 519 1599 in
535 1552 615 1601 Getici
629 1550 706 1601 litoris
722 1552 785 1599 alius
801 1567 900 1615 aquas3

310 1628 364 1687 Qui
384 1642 480 1680 tamen.
496 1630 598 1687 inveni,
618 1628 715 1677 vultum
729 1624 886 1687 diffundere,
904 1631 1012 1689 eausam,

232 1746 235 1751 .
264 1734 294 1769 η
345 1700 459 1762 Polsem,
478 1706 590 1753 Fortunae
609 1720 653 1753 nec
671 1700 803 1753 m'emiuille
815 1720 889 1753 meae.

312 1782 376 1833 Nam
393 1783 454 1829 mihi
468 1780 523 1829 crim
541 1781 609 1830 fulvi
628 1783 698 1831 tristis
713 1784 825 1846 spatiarer
838 1783 936 1842 areni,

344 1862 400 1909 Visa
418 1858 450 1909 est
467 1876 480 1907 a
500 1874 568 1924 tergo
586 1876 664 1923 penna
679 1857 769 1910 dediffe
784 1861 883 1908 sonum.

289 1990 292 2003 p
312 1941 422 2005 Respiclo
437 1957 443 1987 e
456 1954 499 1986 nec
517 1953 602 2002 corpus
620 1953 687 1997 erat,
704 1936 771 2002 quod
788 1954 887 1986 eernere
902 1937 1009 2003 poll'emt

346 2018 424 2065 Verba
445 2030 524 2063 tamen
542 2018 597 2064 sunt
612 2017 663 2063 hec
682 2032 739 2063 aute
756 2030 851 2079 recepta
869 2018 927 2067 mei
946 2036 954 2066 e

267 2117 294 2162 ις
314 2097 351 2145 Eu
368 2111 413 2160 ego
431 2093 540 2158 letarum
556 2096 628 2142 venio
646 2094 690 2142 tibi
706 2096 793 2142 nuntia
808 2108 908 2153 retum,

347 2172 435 2231 Fama,
450 2188 491 2236 per
506 2174 634 2221 immensas
653 2177 705 2219 aire
725 2171 789 2235 lapsa
809 2172 869 2219 vias.

314 2250 422 2301 Consule
444 2250 577 2315 Pompejo,
596 2266 646 2315 quo
666 2265 716 2297 non
735 2250 779 2297 tibi
796 2250 873 2298 carior
895 2249 979 2308 alter.

347 2324 511 2377 Candidus&
530 2327 587 2376 felix
604 2329 726 2391 proximus
742 2342 817 2376 annus
834 2329 890 2376 erit.

315 2405 401 2454 Dixitr
417 2409 462 2463 bc,
483 2420 510 2455 ut
530 2404 586 2453 laeto
602 2406 706 2453 Pontum
721 2420 817 2455 tumore
834 2404 959 2469 replevit,

270 2502 299 2539 to
349 2478 387 2529 Ad
403 2496 483 2545 gentes
502 2480 558 2529 alias
575 2482 632 2529 hinc
649 2480 702 2529 Dea
722 2483 794 2530 vertit
813 2482 867 2529 iter.

316 2556 347 2605 At
364 2554 444 2611 mihi,
461 2552 558 2619 dilapsis
576 2556 721 2614 iuterxnova
736 2550 822 2617 gaudia
832 2554 914 2613 curis,

349 2629 444 2681 Excidit
460 2633 570 2695 asperitas
585 2632 655 2695 hujus
670 2632 752 2695 iniqua
767 2629 824 2677 loci.

317 2708 381 2773 Ergo
399 2710 455 2769 ubi,
471 2709 528 2759 lane
544 2711 638 2771 biceps,
660 2707 761 2771 longum
777 2710 1028 2773 reseraverisrnnum,

351 2784 432 2835 Pulsus
448 2790 473 2835 ὅ(
488 2802 500 2835 t
514 2788 579 2835 sacro
596 2786 675 2833 mense
692 2784 825 2833 December
841 2786 901 2842 erit3

272 2886 299 2932 ²5
320 2864 424 2927 Purpura
444 2865 586 2929 Pompeium
603 2864 690 2911 summi
709 2863 804 2937 velabit
813 2864 932 2914 honoris:

352 2939 390 2989 Ne
412 2941 488 2989 titulis
504 2939 637 3006 quidquam
656 2939 741 2990 debeat
754 2940 796 2989 ille
814 2941 869 2987 suis.

319 3018 423 3075 Cernere
436 3022 488 3089 jam
497 3016 586 3074 ¹uideor
601 3021 683 3088 rumpi
697 3016 827 3087 penetralia
844 3014 928 3079 eursu
