2325 3959
294 402 363 463 294
416 378 458 445 P.
491 380 648 446 Orrnrr
673 383 869 449 NAsotvrs

292 499 365 560 Quod
379 504 398 549 si
408 505 525 565 permittis
536 504 605 557 unitis
615 500 724 562 suadere,
736 503 794 569 quid
802 520 872 567 optes
884 522 892 551 e

325 579 359 627 Ut
369 578 511 643 des,qudm
519 578 603 629 reddas
616 614 623 637 ,
636 579 716 645 plura,
727 598 821 645 precare
834 582 918 631 Deos.

245 672 273 725 ⁶5
294 657 368 723 quue
381 656 453 715 freis,
465 672 629 723 quantumque
642 658 697 707 iicet
709 656 859 720 meminisse,
877 659 1003 709 volebas

326 735 406 785 Officii
418 738 512 786 causant
521 738 627 801 pluribus
637 734 683 787 effe
694 736 784 787 datam.

295 814 410 875 Quolibet
423 818 561 865 innumero
575 832 631 873 nte,
648 811 783 865 Meffalline
796 850 804 874 ,
819 831 937 880 repone:

327 893 377 942 S'un
388 890 464 941 modi>
476 909 528 956 pars
539 893 619 943 vestrae
630 909 679 943 non
690 890 873 945 alienadomt'rs.
921 936 926 943 .

295 970 325 1021 Et
336 971 399 1019 mela
413 971 552 1025 Nasonem,
563 974 678 1035 quoniam
690 968 799 1021 mettriffe
807 969 909 1021 videtur
922 1004 932 1030 ‚

247 1041 279 1119 7⁴0
327 1050 352 1099 Si
361 1066 411 1098 non
421 1048 481 1099 ferre
492 1047 560 1099 doles
571 1082 580 1107 ,
592 1063 617 1099 at
627 1045 737 1099 meruiffe
745 1046 810 1099 dole.

296 1187 1031 1265 (καιέμεν-ε.»

392 1336 732 1399 EPISTOLA
772 1336 924 1401 VIII.

490 1483 791 1547 SEVERO.

300 1575 369 1694 A.
386 1661 446 1695 nrst
464 1642 552 1695 diiecto
563 1644 657 1697 missam
671 1646 766 1699 Nasone
782 1645 883 1695 salutem

330 1726 433 1789 Accipe,
446 1741 498 1789 pars
509 1727 595 1776 animae
607 1742 710 1790 magna,
721 1726 819 1785 Severe,
832 1739 902 1771 meae.

300 1801 367 1854 Neve
379 1816 452 1865 roga,
463 1800 523 1866 quid
533 1818 602 1868 agam
615 1822 621 1853 t
633 1806 651 1851 si
667 1806 791 1869 persequar
805 1805 904 1861 omnia,
920 1800 1012 1854 flebis:

332 1880 430 1930 Summa
445 1880 500 1930 satis
510 1879 583 1929 nostri
595 1883 615 1929 si
625 1882 667 1929 ribi
675 1896 733 1930 nota
741 1880 807 1930 mali.

271 1969 281 2015 ς
300 1959 410 2009 Vivimus
422 1956 518 2007 assiduis
530 1994 538 2018 ‚
553 1962 657 2024 expertes
669 1962 749 2025 pacis,
765 1962 790 2007 in
802 1956 874 2008 armis
885 1990 894 2016 ,

332 2036 391 2086 Dira
400 2029 537 2102 pharetrato
549 2038 612 2087 bella
623 2053 736 2087 movente
746 2035 816 2085 Ceri.

301 2114 385 2180 Deque
394 2130 432 2164 tot
442 2116 543 2180 expulsis
554 2118 606 2165 sum
618 2115 686 2165 miles
697 2117 722 2164 in
733 2114 810 2163 exsule
819 2113 892 2162 soius.

331 2194 414 2251 Tuta,
425 2209 468 2241 nec
480 2190 594 2251 invideo,
608 2208 685 2241 cetera
697 2192 765 2241 turba
776 2195 846 2255 iacet.

302 2269 405 2335 Quoque
416 2274 492 2335 magis
503 2271 595 2319 nostros
605 2270 674 2319 venii
686 2267 783 2335 dignere
798 2268 892 2317 libellos
904 2304 914 2331 ,

255 2368 285 2401 to
335 2347 391 2396 Haec
409 2350 434 2396 in
444 2350 566 2412 procineiu
578 2349 683 2396 carmina
695 2347 754 2397 facta
766 2347 837 2413 leges.

301 2427 353 2476 Stat
365 2440 431 2474 vetus
443 2425 514 2483 urbs,
525 2428 580 2489 ripae
591 2428 668 2474 vicina
679 2426 808 2474 binominis
817 2424 866 2473 Istri
876 2458 887 2485 ,

333 2504 455 2553 Manibus
468 2506 492 2551 δι
504 2506 582 2566 positu
598 2505 637 2552 vix
648 2500 757 2551 adeunda
771 2501 828 2551 loci.

302 2580 402 2645 Caspius
412 2579 542 2645 AEgypsos,
554 2578 616 2629 dese
626 2584 649 2629 si
657 2579 774 2629 credimus
785 2583 858 2645 ipsis,

334 2657 454 2710 CondIdit
464 2677 472 2719 ς
484 2663 508 2709 ὃ(
519 2664 616 2724 proprio
626 2663 724 2709 nomine
735 2658 795 2709 dixit
806 2676 874 2725 opus.

257 2745 282 2790 ¹5
301 2738 369 2788 Hanc
387 2738 449 2787 serus
461 2774 468 2796 ‚
483 2736 591 2801 Odrysiis
601 2741 700 2804 inopino
711 2738 789 2786 Marte
800 2740 927 2803 peremtis,

333 2816 422 2882 Cepit,
435 2822 459 2866 ὃ(
471 2820 495 2866 in
510 2833 591 2880 regem
602 2816 693 2865 sustulit
703 2832 768 2863 arma
775 2850 783 2874 ,
797 2817 877 2865 Getes.

302 2892 346 2942 ille
361 2908 455 2940 memor
466 2893 546 2954 magni
556 2892 647 2954 generis
658 2923 667 2949 ,
681 2891 768 2938 virture
783 2886 849 2953 quod
860 2904 943 2951 suget,

333 2971 443 3019 Protinus
454 2972 579 3017 innumero
592 2966 669 3015 milite
681 2967 769 3015 cInCIus
777 2962 850 3015 adest.

302 3050 354 3100 Nec
365 3046 429 3115 priris
439 3046 563 3108 abscessit,
576 3043 663 3095 meriti
671 3041 746 3112 quim
757 3040 820 3093 crede
830 3040 962 3093 potentini
