2325 3959
240 375 316 488 ⁸198
392 397 435 464 P.
465 398 621 465 ΘΗΜ]
639 399 847 467 Nasonis.

248 523 266 570 F
267 525 314 570 ecit
324 536 393 570 amor
401 519 490 588 subitas
501 518 610 570 volucres
618 534 673 568 etun
682 517 767 582 pellice
774 535 855 582 regem
865 551 874 576 ,

204 601 248 656 39'0
282 599 387 664 Quaque
399 600 467 648 suurn
479 597 545 663 luget
557 613 621 646 nunc
630 613 727 663 quoque
737 612 814 646 mater
825 597 892 660 ityn.

250 680 273 727 Si
288 693 339 728 non
355 676 460 742 AEtupeu
470 675 542 725 frater
552 675 680 725 sceleratus
689 671 806 735 amasset,

282 757 382 819 Aversor
394 754 513 804 Solisuon
525 753 657 818 legeremus
667 770 751 820 equos.

250 834 327 898 Impia
338 850 381 882 nec
392 836 494 900 tragicos
503 831 617 896 tetigisset
626 832 706 894 Scylla
717 833 864 891 cothurnos,

283 913 316 964 Ni
323 915 427 978 patrium
439 915 529 960 crinem
539 908 677 960 desecuisset
687 927 765 962 amor.

203 989 299 1062 395Qui
313 990 372 1055 legis
381 989 504 1044 Elesitan,
522 993 671 1054 &egentem
680 991 766 1038 mentis
777 985 892 1045 Oresten,
1093 940 1098 1025 d

285 1067 393 1133 AEgysthi
407 1070 497 1116 crimen
509 1065 710 1134 Tyndaridosque
721 1067 788 1132 legis.

252 1146 317 1195 Nam
328 1143 428 1210 quidde
440 1148 525 1196 tetrico
535 1146 636 1196 referam
647 1144 769 1195 domitore
780 1144 923 1199 Chimaerae,

286 1223 365 1284 Quem
376 1223 425 1272 leto
437 1223 510 1280 saliare
520 1227 615 1289 hospita
625 1240 691 1289 pene
698 1222 783 1274 dediti

253 1301 320 1362 Quid
331 1299 416 1368 ioqu'ar
426 1301 574 1354 Hermionen
581 1306 593 1353 i
603 1300 662 1368 quid
673 1316 697 1351 te
707 1336 715 1362 ‚
726 1303 853 1352 Schoene't'a
863 1303 950 1366 uirgo!

205 1396 254 1439 quo
286 1381 387 1446 Teque,
398 1380 525 1444 Mycenaeo
537 1381 640 1430 Pisoebas
651 1395 731 1436 ansata
745 1378 819 1429 ducii

254 1456 320 1518 Quid
329 1457 430 1508 Danasti
441 1457 580 1523 Danas-Isque
590 1474 695 1517 nutum,
707 1471 857 1524 matremque
868 1457 953 1520 Lyaeii

286 1536 451 1601 Htetuonaq‘ue
462 1571 469 1596 ‚
482 1539 507 1585 ὅ(
519 1539 597 1585 uosies
607 1538 647 1585 eui
656 1542 736 1585 coiere
747 1534 818 1589 duas?

254 1611 320 1673 Quid
327 1629 441 1678 generum
448 1614 534 1664 Peliaei
546 1612 607 1680 quid
612 1615 721 1663 Thesea?
731 1612 818 1680 quidve
826 1613 967 1679 Pelasgum,

287 1689 386 1754 iliacam
394 1695 473 1757 tetigit
481 1695 524 1758 qui
532 1707 580 1742 tate
592 1695 681 1757 primus
689 1695 808 1742 humum?
1096 1720 1097 1735 t

204 1767 309 1830 residue
320 1768 389 1829 Iole,
401 1770 531 1836 Pyrrhique
542 1785 643 1835 patens,
653 1772 701 1822 huc
712 1771 822 1820 Herc'tsiis
832 1787 909 1832 uxor,
994 1796 1006 1804 -
1089 1760 1098 1855 i

254 1925 374 1990 Tempore
390 1924 503 1988 deficiat,
516 1930 618 1992 tragicos
628 1930 649 1976 si
657 1929 783 1993 persequar
793 1929 859 1992 ignes
868 1944 878 1986 's

286 2004 380 2069 Vixque
393 2021 459 2053 meus
470 2008 547 2072 capiat
557 2009 659 2056 tromirra
668 2004 735 2069 nuda
743 2005 812 2054 iiber.
911 2044 914 2048 .

254 2081 325 2130 Est&
336 2084 361 2130 in
371 2083 486 2132 obscenos
494 2082 586 2134 deflexa
595 2083 725 2150 Tragoedia
735 2085 810 2142 risus,

206 2173 255 2219 410
287 2160 414 2228 Multaque
424 2165 617 2227 preteritiverba
626 2161 723 2228 pudoris
735 2163 815 2215 hebet.

257 2237 308 2288 Nec
320 2255 392 2290 nocet
400 2243 503 2300 ausioti,
516 2240 619 2290 mollem
628 2244 670 2306 qui
681 2241 739 2290 serit
749 2228 870 2291 Achillem
877 2261 890 2300 ,·

289 2317 411 2382 Infregiise
423 2320 468 2367 suis
479 2318 552 2368 fortia
564 2319 625 2368 fasia
635 2318 724 2369 modis.

256 2395 338 2445 iunxit
347 2394 458 2446 Aristides
466 2396 562 2445 Milesia
574 2400 676 2449 erimina
686 2400 781 2448 secum:

289 2474 372 2523 Pulsus
383 2472 544 2524 Aristidesnec
555 2490 636 2524 umen
646 2476 703 2524 urbe
710 2466 761 2526 sui.
852 2488 854 2491 '

208 2563 236 2608 4¹
245 2551 309 2603 tNec
319 2589 327 2612 ‚
338 2555 380 2618 qui
391 2551 513 2616 descripsit
523 2556 645 2618 corrumpi
652 2555 743 2604 semina
753 2550 878 2616 matrum,

289 2630 395 2690 Eubius,
406 2632 504 2696 impure
515 2629 628 2680 conditor
639 2632 749 2682 historice.

256 2708 308 2758 Nec
323 2711 364 2774 qui
376 2711 512 2774 composuit
522 2726 598 2776 nuper
608 2709 760 2773 Sybaritida,
777 2711 854 2778 sugit:

289 2787 342 2838 Nec
350 2790 391 2854 qui
402 2788 542 2838 concubitus
549 2804 600 2838 nnn
611 2803 705 2839 tacuere
714 2792 777 2840 siros.

257 2869 362 2933 Suntque
376 2883 402 2916 ea
413 2865 538 2916 dodorum
549 2871 714 2917 monumentis
723 2873 799 2920 mixta
810 2872 937 2934 virorum,

209 2949 258 2994 4ω
290 2945 476 3012 Muneribusque
487 2945 576 2996 ducum
588 2946 684 3012 publica
694 2946 755 2996 faiia
766 2964 858 3013 patent.

259 3022 325 3073 Neve
340 3026 466 3086 peregrinis
479 3021 571 3071 tanrtim
582 3020 697 3071 defendar
706 3024 736 3072 ab
746 3026 837 3086 armis,

290 3100 321 3152 Et
334 3101 454 3151 Romanus
469 3102 540 3153 habet
550 3099 628 3152 multa
636 3101 718 3168 jocose
727 3100 799 3153 liber.

286 1846 340 1896 Huc
351 1845 448 1896 accedat
460 1847 533 1911 Hylas
543 1883 552 1908 ,
561 1845 693 1917 iliadesque
703 1865 770 1914 puer.
1094 1864 1098 2087 1
