2325 3959
238 406 302 471 392
354 382 845 451 Rorrorrursoms

266 504 317 568 lpse
328 506 369 553 suo
382 504 467 555 melida
477 506 590 571 sanguine
601 508 672 555 tinxit
682 507 795 554 humum.

235 580 347 632 Proditor
358 597 384 632 ut
394 584 448 632 sevi
459 587 529 648 periit
540 587 622 647 auriga
630 587 742 645 tyranni,

191 674 236 719 370
268 659 317 719 Qui
328 676 391 709 nova
401 661 505 723 Myrtoae
515 665 613 711 nomina
626 662 770 726 irritaque.

239 736 273 785 Ut
283 740 325 802 qui
334 739 444 789 velocem
454 739 538 790 frustra
549 743 637 804 petiere
647 738 766 805 puellam,

271 814 337 864 Dum
348 832 416 881 capta
427 817 459 866 est
469 819 548 882 pomis
558 816 648 867 tardior
657 815 700 865 illa
709 818 794 865 tribus.

239 892 274 943 Ut
285 896 327 959 qui
337 897 397 943 teria
407 898 464 945 novi
475 895 577 944 formant
590 894 691 943 celantia
700 893 802 943 monstd

273 972 393 1021 Intrarunt
404 988 471 1021 caeca
480 988 529 1021 non
541 970 663 1021 redeunda
672 969 769 1020 domis.

195 1046 277 1110 575Ut
287 1064 390 1113 quorum
400 1048 510 1100 AEacides
522 1052 590 1098 misit
602 1044 722 1099 violentus
738 1052 766 1097 iu
781 1046 844 1097 altos

274 1126 386 1192 Corpora
396 1144 451 1176 cum
462 1130 521 1177 senis
532 1127 606 1177 altera
616 1130 670 1177 sena
680 1143 763 1193 rogos.

244 1204 280 1254 Ut
289 1220 366 1269 quos,
378 1205 472 1255 obscuri
484 1205 548 1255 lusos
559 1206 698 1269 ambagibus
708 1208 782 1272 orie,¹

277 1282 389 1345 Legimus
398 1280 507 1333 infandae
518 1285 623 1347 Sphinga
641 1280 730 1332 dediffe
742 1284 806 1331 aetia

246 1358 281 1408 Ut
292 1362 333 1424 qui
344 1360 453 1411 Bistoniae
464 1360 556 1425 templo
566 1358 673 1410 cecidere
682 1360 816 1410 Minervae

201 1430 246 1492 ³30
279 1437 379 1503 Propter
389 1437 455 1505 quod
467 1439 537 1489 facies
547 1455 611 1489 nunc
622 1455 717 1504 quoque
728 1440 788 1487 seua
798 1436 856 1485 Dtae
866 1434 914 1483 est.

248 1515 282 1565 Ut
293 1519 336 1581 qui
347 1517 453 1567 Threicii
462 1515 585 1581 quondam
596 1518 706 1581 prafepia
714 1517 778 1580 regia

280 1596 396 1644 Fecerunt
405 1592 504 1659 dapibus
515 1593 696 1659 sanguinolenta
705 1596 761 1642 fitis.

249 1670 471 1725 Therodamautbot
481 1687 507 1721 ue
517 1676 562 1737 qui·
570 1672 654 1736 pavire
664 1672 766 1731 leones,

283 1750 378 1814 Quique
389 1750 520 1799 Thoantias
533 1751 635 1800 Taurica
645 1752 709 1799 sacta
719 1748 779 1798 deae.
1053 1762 1060 1814 ‘p

206 1822 286 1887 385Ut
297 1841 357 1891 quot
367 1826 446 1888 Scylla
455 1840 529 1878 vorax
547 1827 680 1893 Scyllaque
690 1825 786 1877 adversa
795 1820 933 1887 charybdis
941 1858 958 1885 ,

209 1963 211 1969 y
285 1902 405 1953 Dulichia
416 1903 514 1969 pavidos
525 1908 631 1971 eripuere
641 1909 686 1956 tati
698 1924 705 1955 ε

254 1980 290 2032 Ut
298 1998 359 2046 quos
369 1980 465 2032 demisit
475 1984 564 2033 vastam
577 1984 738 2048 Polyphemus
749 1986 774 2032 in
784 1982 867 2033 alvum
877 1998 885 2031 t

287 2058 322 2109 Ut
333 2059 503 2127 Laestrygonias
512 2064 554 2127 qui
565 2062 655 2109 subiere
665 2060 761 2111 domos.

257 2136 290 2187 Ut
302 2153 362 2203 quos
372 2136 420 2187 dux
432 2138 518 2189 Pceuur
528 2142 610 2188 mersit
619 2140 752 2203 putealibus
763 2137 852 2199 undis,

210 2230 257 2278 ,ρο
290 2216 320 2265 Et
330 2217 392 2279 jado
401 2232 471 2265 canas
483 2216 578 2280 pulvere
589 2216 648 2265 fecit
657 2231 738 2282 aquae.

257 2296 301 2345 Sex
313 2295 349 2343 bis
363 2310 389 2343 ut
401 2292 505 2343 Icaridos
519 2293 616 2343 famule
633 2298 722 2359 petiere
735 2296 868 2360 procique,

291 2371 365 2437 Inque
376 2386 447 2436 caput
457 2369 551 2419 domini
562 2374 604 2435 qui
614 2370 686 2420 dabat
697 2389 762 2421 arma
773 2376 860 2437 procis,

258 2450 293 2499 Ut
304 2455 365 2515 jacet
376 2450 456 2497 Aonio
466 2447 567 2497 instator
578 2449 608 2495 ab
620 2451 713 2513 bospite
724 2450 806 2509 fusus,

293 2528 357 2589 Qui,
369 2529 457 2575 mirum
467 2526 475 2573 l
486 2528 580 2587 vilior,
592 2526 647 2575 crim
659 2524 798 2589 cecidiil'et,
812 2542 871 2577 erat.

215 2606 296 2667 395Ut
306 2621 366 2671 quos
376 2606 453 2653 Antei
466 2604 539 2653 fortes
549 2602 649 2669 pieffete
660 2605 758 2664 lacerti,

295 2683 407 2748 Quosque
418 2682 472 2731 fetae
483 2686 555 2731 morti
566 2683 664 2731 Lemnia
673 2684 743 2731 turba
753 2680 833 2731 dedit.

263 2762 298 2812 Ut
308 2764 349 2825 qui
356 2760 408 2824 post
418 2758 518 2823 longum
528 2761 589 2807 sacti
598 2759 740 2807 monstrator
749 2760 830 2824 iniqui

297 2838 387 2888 Elicuit
396 2837 487 2901 pluvias·
497 2870 505 2895 ,
517 2839 615 2886 victima
626 2838 716 2890 casus,
727 2853 808 2901 aquaa.

266 2920 345 2967 Frater
356 2931 382 2964 ut
393 2915 486 2972 Auraei,
498 2931 547 2980 quo
557 2916 670 2979 sanguine
680 2913 781 2973 debuit,
792 2930 844 2963 arae

218 3012 266 3059 400
300 2996 397 3051 Tinxit,
415 2997 438 3040 &
456 2992 569 3056 exemplis
585 2989 675 3039 occidit
687 2992 736 3055 ipse
751 2993 807 3040 suis.

268 3074 302 3124 Ut
313 3077 354 3139 qui
366 3071 499 3134 terribiles,
509 3086 554 3137 pro
565 3086 665 3137 gramen
673 3070 814 3122 habentibus
823 3068 901 3125 berlir
907 3104 920 3135 ‚
