2325 3959
315 388 381 452 ¹44
453 362 497 433 P.
526 364 683 431 Otrurr
704 366 902 435 NAsortrs

342 485 394 534 Nec
406 501 458 551 que
470 486 583 550 Pygmaeo
596 487 709 551 sanguine
725 485 830 551 gaudet,
845 504 928 535 avem.

308 561 341 612 Et
352 578 434 627 praeter
451 579 538 628 pennas
548 563 609 611 nihil
620 566 645 613 in
662 580 755 629 pavone
765 565 874 629 placebat
884 582 894 624 3

343 642 392 690 iiec
410 640 480 689 tellus
491 656 570 706 captas
584 643 679 691 miserat
689 658 744 692 aure
760 642 828 692 ieras.

310 719 351 766 Sur
360 732 410 767 erat
418 721 444 775 iu
454 722 544 783 pretio:
554 718 614 767 cesi
622 720 661 769 sue
671 752 679 780 ,
694 720 751 769 festa
761 719 883 773 colebant.

260 811 308 861 ,ρο
340 797 415 847 Terra
425 796 489 850 fabas
498 797 607 857 tannim,
623 796 728 864 duraque
742 798 803 847 farra
813 795 897 848 dabat.

309 874 368 936 Quae
381 873 430 925 duo
444 879 520 926 mixta
530 875 601 924 simul
612 877 681 925 sextis
691 880 837 942 quicumque
851 873 970 925 calendie

340 950 441 1011 Ederit,
458 953 513 1001 huic
528 950 582 1001 ledi
593 955 681 1002 viscera
692 949 757 1017 poffe
768 968 863 1017 negant.

307 1032 368 1081 Arce
381 1047 479 1097 quoque
492 1034 517 1079 iu
533 1030 627 1080 summi
639 1032 729 1080 Jurroni
744 1030 834 1095 templa
848 1031 964 1079 Moneta

339 1109 374 1156 Ex
388 1123 446 1156 voto
465 1124 600 1159 memorant
610 1107 670 1159 faita
681 1142 688 1168 ‚
700 1107 821 1167 Camille,
836 1123 888 1157 tuo.

262 1181 368 1266 ,⁸85Aute
378 1185 464 1237 domus
478 1185 558 1237 Manli
574 1186 668 1237 fuerant
679 1220 688 1245 ,
705 1189 746 1252 qui
756 1186 851 1236 Gallica
861 1184 998 1251 quondam

337 1266 358 1313 A
369 1263 510 1329 Capitolino
520 1264 608 1328 repulit
619 1280 685 1313 arma
695 1264 763 1314 Jove.

306 1342 386 1404 Quim
403 1345 477 1401 bene,
495 1341 529 1391 Di
540 1342 634 1407 magui!
648 1342 727 1407 pugni
738 1338 859 1391 cecidiffet
870 1344 896 1389 in
908 1341 955 1389 illa

336 1421 455 1471 Defensor
469 1420 541 1480 solii,
558 1420 666 1485 Iuppiter
678 1421 741 1479 alte,
757 1423 791 1468 rui
802 1426 808 1471 i

304 1497 371 1548 Vixit
384 1533 392 1559 ,
412 1513 437 1548 ut
447 1497 568 1548 occideret
576 1496 703 1547 damnatur
714 1500 813 1546 crimine
821 1500 887 1561 regni
899 1515 906 1544 r

258 1607 304 1654 ,90
336 1575 406 1625 Hunc
416 1576 453 1624 illi
465 1575 562 1625 titulum
577 1574 649 1639 longa
661 1576 751 1625 seneiia
761 1576 841 1624 dabar.

304 1656 355 1705 Lux
363 1652 448 1703 eedem
456 1654 530 1702 Marti
541 1652 599 1702 festa
607 1653 655 1707 est,
670 1669 742 1718 quern
753 1654 867 1718 prospicit
877 1665 945 1701 extra

334 1732 478 1796 Appositum
487 1732 564 1779 Teu:
571 1745 641 1795 porta
654 1730 751 1795 Capena
765 1734 818 1781 vire.

303 1809 339 1859 Te
347 1825 442 1874 quoque
454 1844 462 1867 ,
474 1809 623 1873 Tempestas,
639 1811 750 1857 meritam
761 1807 858 1859 delubra
872 1808 1003 1865 fatemur,

335 1887 400 1938 Curu
410 1903 477 1952 paene
488 1887 520 1936 est
527 1887 609 1937 Corsis
620 1889 706 1937 obruta
715 1887 794 1938 classis
805 1889 880 1953 aquis,

255 1965 359 2038 195H2c
370 1968 497 2016 hominum
506 1982 664 2015 monumenta
674 1980 755 2031 patent
767 1984 773 2012 ε
783 1968 801 2013 si
809 1967 913 2031 queritis
920 1964 1001 2026 astra,

333 2042 402 2093 Tunc
409 2046 485 2093 oritur
491 2046 572 2108 magui
581 2059 668 2109 praepes
676 2040 767 2093 adunca
772 2043 844 2092 Jovis.

300 2122 445 2171 POSTERA
456 2122 497 2170 iux
515 2120 630 2183 Hyadas.
643 2122 753 2170 Taurinae
764 2136 852 2169 cornua
870 2118 959 2169 frontis
970 2155 980 2181 ,

331 2200 435 2249 Evocat:
445 2203 468 2248 ἃ
478 2198 556 2247 multi
568 2214 629 2250 terra
639 2197 755 2248 madescit
765 2198 834 2264 aqui.

297 2269 395 2327 MANE
412 2277 452 2325 ubi
464 2276 554 2336 fuerit,
574 2277 724 2342 Phtebusque
735 2278 858 2325 intraverit
867 2289 955 2334 ortus,

251 2392 297 2426 200
330 2356 444 2422 facitque
454 2357 499 2403 erit
509 2390 517 2414 ‚
526 2358 605 2420 posito
615 2372 685 2415 rore,
698 2357 733 2403 bis
748 2352 795 2404 uda
805 2356 868 2420 seges
879 2371 888 2399 r

298 2433 349 2482 Hac
363 2434 452 2493 sacratu
461 2430 500 2481 die
511 2433 591 2481 Tusco
599 2432 698 2481 Bellona
708 2431 792 2483 duello

328 2509 437 2558 Dicitur:
449 2513 472 2559 ὃ(
481 2510 550 2559 Latio
556 2511 667 2575 prospera
672 2511 762 2577 semper
769 2509 841 2559 adest.

294 2587 384 2652 Appius
391 2588 426 2647 ‚est
436 2587 539 2641 Auaor,
551 2587 641 2649 Pyrrho
651 2592 693 2654 qui
704 2605 761 2654 pace
772 2589 857 2655 negati

327 2663 435 2713 Multum
444 2663 705 2723 animovidit31urnine
718 2682 799 2732 captus
809 2682 868 2717 erat.

247 2742 411 2805 205Prospicit
424 2758 438 2790 a
453 2742 544 2808 templo
560 2744 680 2793 summunt
690 2733 766 2794 brevis
775 2761 828 2795 area
838 2744 949 2795 Circum.

327 2819 366 2868 Est
376 2820 410 2867 ibi
424 2835 472 2868 non
488 2837 565 2885 patvae
580 2838 651 2886 parva
665 2822 778 2873 columna
789 2837 861 2872 notre.

251 2924 255 2929 ·
293 2898 356 2947 Hinc
367 2896 428 2945 solet
439 2897 503 2947 basta
513 2915 602 2958 manu,
614 2898 671 2949 belli
685 2902 835 2965 prenuncia,
848 2903 926 2961 mirri,
967 2956 971 2963 p

324 2975 354 3023 ln
370 2990 450 3039 regem
465 2978 490 3022 &
502 2991 600 3039 gentes,
612 2976 667 3025 etim
679 2977 757 3043 placet
773 2995 838 3027 arma
848 2982 910 3045 capi.

292 3052 420 3107 ALTERA
427 3045 479 3118 part
489 3051 557 3105 Circi
566 3052 662 3107 custode
672 3056 714 3105 sub
723 3055 824 3107 Hercule
837 3070 887 3107 tuta
899 3057 947 3114 eii,

930 3138 1004 3205 Quod
