2325 3959
271 427 340 492 214
413 397 457 474 P.
482 405 637 472 Orrnrr
660 401 878 471 Nasonis

219 536 252 583 50
302 527 475 592 Peccatumque
491 524 574 574 oculos
586 525 619 573 eii
628 522 735 573 habuisse
746 540 838 573 meum.

268 601 325 655 Non
341 602 453 670 equidem
467 619 544 654 totam
552 600 647 668 possum
658 600 786 651 defendere
794 601 907 666 culpamr

198 717 200 720 -
299 679 345 732 Sed
360 699 451 747 partem
462 683 535 732 nostri
545 683 652 731 criminis
663 697 728 730 error
738 682 818 730 habet.

266 761 322 826 Spes
333 764 406 826 igitur
416 761 535 826 superest,
547 760 663 809 facturum
673 775 700 809 ur
711 758 808 809 moiiiat
818 761 867 826 ipse

299 839 388 888 Mutari
399 856 496 904 poenam
507 837 647 888 conditione
657 838 714 888 loci.

219 917 247 977 εἴ
266 915 336 965 Hunc
350 920 442 966 utinam
457 913 528 965 nitidi
539 917 601 966 Solis
609 919 757 982 praenuncius
769 931 851 966 ortum

299 993 390 1045 Afferat
406 991 509 1044 admiifo
519 994 617 1047 Lucifer
628 994 695 1044 albus
705 1011 778 1060 equo.

292 1130 977 1216 ‹ss-“ffl‘kflffla-

444 1285 684 1348 ELEGIA
725 1284 799 1345 VI.

266 1377 343 1495 fe
351 1461 413 1497 uus
431 1448 543 1496 amicitie
555 1463 599 1496 nec
609 1449 661 1503 vir,
670 1447 812 1506 carissime,
827 1445 928 1507 nostre,

298 1524 369 1583 Nec,
388 1528 407 1573 si
424 1525 487 1574 forte
503 1525 576 1585 velis,
592 1523 740 1573 dissimulare
752 1539 829 1589 potes.

264 1602 349 1652 Donec
360 1605 424 1651 enim
435 1601 517 1662 licuit,
528 1619 571 1651 nec
581 1604 671 1651 remihi
679 1601 836 1662 carrorum,

296 1680 348 1750 Nee
359 1681 402 1729 ribi
414 1697 453 1730 me
465 1679 518 1730 toti
530 1682 632 1744 junfflor
643 1679 709 1729 Urbe
717 1679 771 1728 fuir.

233 1780 244 1824 5
263 1757 332 1824 Isque
345 1773 394 1807 erat
412 1775 485 1823 usque
499 1755 560 1806 adei>
570 1757 662 1824 populo
677 1758 788 1815 testatus,
801 1769 827 1804 ut
837 1751 894 1804 eifet

296 1838 364 1886 Paene
375 1839 449 1900 magis
460 1835 535 1902 quim
546 1851 589 1894 tu,
609 1834 731 1902 quinique
742 1850 804 1900 ego,
814 1850 886 1884 notus
896 1849 980 1888 amun
1092 1815 1100 1934 p

245 1913 246 1916 ’
263 1915 358 1981 Quique
371 1929 421 1964 erat
432 1919 457 1963 in
465 1916 526 1963 caris
536 1917 611 1964 animi
622 1914 666 1963 tibi
677 1912 766 1964 candor
781 1914 884 1973 amieis,

294 1992 415 2059 Cognitus
430 1993 462 2042 est
472 1993 526 2052 illi,
541 2009 614 2058 quern
624 1992 684 2042 colis
693 1995 754 2058 ipse,
771 1995 834 2041 viro.

261 2072 305 2123 Nil
316 2076 351 2123 ita
365 2072 475 2133 celabas,
492 2087 579 2122 utnon
590 2087 636 2136 ego
646 2073 754 2121 conscius
765 2067 856 2129 effem3
970 2114 973 2117 .
1096 2010 1099 2151 ι

215 2155 244 2188 ¹0
293 2149 554 2218 Pedioribusquedabas
564 2151 643 2199 multa
651 2148 752 2214 regenda
764 2153 831 2198 meis.

259 2227 355 2296 Cuique
367 2245 412 2295 ego
423 2230 548 2280 narrabam
557 2229 640 2278 secreti
649 2226 764 2294 quicquid
775 2228 908 2290 habebam,
956 2270 961 2279 .

291 2305 397 2371 Excepta
407 2303 474 2372 quod
484 2322 523 2354 me
533 2303 639 2370 perdidit
649 2340 657 2365 ,
673 2306 733 2354 rinus
744 2323 803 2355 eras.

258 2383 286 2434 id
306 2402 402 2450 quoque
414 2387 433 2433 si
447 2379 540 2442 scisses,
556 2383 623 2432 salvo
635 2383 737 2432 fruerere
746 2383 838 2442 sodali;
938 2400 941 2407 ·

290 2462 448 2528 Consilioque
458 2461 535 2510 forem
545 2463 640 2526 sospes,
651 2463 726 2510 amice
738 2497 746 2522 ,
761 2477 812 2511 ruo.

213 2555 238 2601 ις
259 2539 305 2592 Sed
322 2557 375 2590 mea
385 2556 424 2590 me
434 2543 460 2588 in
470 2555 568 2604 poenam
578 2541 694 2589 nimirum
704 2539 753 2591 fata
765 2540 901 2589 trahebantr

290 2620 369 2668 Omne
379 2618 448 2667 bonae
464 2614 579 2684 citudunr
594 2617 704 2668 utilitatis
713 2621 768 2668 iter.
961 2609 965 2612 ’

257 2702 311 2748 Sive
322 2697 412 2746 malum
424 2699 491 2762 potui
506 2710 587 2745 tamen
596 2697 643 2744 hoc
654 2699 730 2746 vitare
738 2693 863 2755 cavend05

289 2779 334 2828 Seu
345 2779 406 2826 ratio
417 2775 493 2826 farum
504 2776 599 2824 vincere
612 2773 679 2823 nulla
687 2774 769 2834 valet;

256 2855 295 2904 Tu
304 2869 399 2914 tamen,
416 2853 449 2903 oi
464 2853 535 2903 nobis
545 2855 587 2901 usu
597 2854 742 2917 jundissinrc
751 2853 842 2919 longo,

209 2954 239 2988 20
289 2933 343 2984 Pars
353 2929 463 2982 desiderii
473 2933 576 2980 maxima
591 2947 657 2995 paene
667 2935 715 2979 mei
726 2967 735 2992 ,

256 3012 291 3064 Sis
305 3025 416 3058 memor:
429 3013 453 3058 δι
466 3043 474 3070 ,
494 3010 513 3057 si
527 3025 585 3076 quas
597 3008 707 3058 ftcirtibi
721 3012 798 3075 gratia
809 3013 869 3063 vires
877 3044 886 3072 ‚

288 3089 343 3140 Ilias
360 3104 405 3154 pro
417 3087 486 3138 nobis
506 3089 644 3152 experiare,
658 3102 728 3153 rogo.
