2325 3959
458 412 483 479 Ι
503 427 574 478 nr
599 430 631 480 r.
830 415 905 502 ,387
990 398 995 406 ’

226 532 274 582 Aut
284 534 402 581 lumniam
411 532 503 599 Libyco
513 531 543 583 de
553 550 619 581 mare
629 544 711 597 carpat
720 546 817 599 aquam.

193 610 258 661 Nam
268 628 344 677 neque
352 626 414 677 quot
424 610 494 661 flores
505 611 585 661 Siculi
598 612 723 659 nascantur
732 612 758 659 in
768 609 865 672 Hybla,

227 689 323 752 Quotve
336 689 413 747 ferat,
424 688 503 742 dicam
513 722 521 749 ,
534 704 595 739 terra
606 686 691 739 Cililfa
701 704 795 737 crocos.
909 700 956 733 200

194 765 262 825 Nec,
278 766 333 815 crlm
345 768 414 817 tristis
427 771 503 817 hierrrt
514 766 640 832 Aquilonis
653 769 773 815 inhorruit
782 766 826 815 alis
833 800 842 826 ,

227 844 308 903 Qudm
319 844 399 893 multa·
407 844 449 903 fiat
459 844 574 909 grandine
586 859 659 893 cauus
671 846 755 893 Athos.

193 918 245 969 Nec
257 920 320 969 mala
329 938 388 969 voce
400 919 453 969 mei
464 924 555 984 possint
566 934 606 969 tua
617 922 701 969 cunila
710 918 810 977 referri5

225 996 275 1049 Ora
292 996 348 1045 licet
363 1000 451 1050 tribuas
468 996 627 1062 multiplicata
644 1000 713 1045 milri.

193 1072 245 1122 Tot
256 1073 373 1129 tibine!
386 1076 473 1125 misero
482 1078 579 1125 venient
590 1074 694 1141 talesque
704 1077 795 1135 ruine,
911 1103 954 1148 ²05

227 1150 262 1199 Ut
274 1154 328 1216 cogi
341 1155 367 1204 iu
376 1152 493 1214 lacrymas
508 1170 546 1203 me
559 1168 656 1219 quoque
672 1150 738 1217 posse
751 1168 843 1217 putem.
930 1190 934 1193 -

194 1227 245 1277 lllae
256 1246 294 1277 me
303 1229 415 1291 lacrymae
426 1224 513 1279 facient
528 1234 577 1279 sine
588 1230 635 1279 fine
647 1231 744 1279 beatum
756 1249 763 1279 a

226 1306 327 1355 Dulcior
338 1309 378 1355 hic
389 1308 436 1355 risu
447 1322 497 1356 tunr
509 1310 570 1355 mihi
581 1306 651 1355 fletus
661 1311 714 1357 erit.

148 1428 150 1431 .
194 1382 271 1433 Natus
285 1400 308 1432 es
322 1383 426 1433 infelix:
442 1387 476 1433 ita
488 1384 522 1431 Di
536 1384 649 1447 voluere,'
665 1402 710 1434 nec
723 1386 774 1436 ulla
802 1416 807 1423 -

227 1460 367 1512 Commoda
377 1462 483 1511 nascenti
493 1462 559 1511 stella
568 1496 577 1522 ,
590 1462 677 1513 levisve
687 1498 694 1522 ,
706 1464 762 1513 fuit.
912 1494 958 1527 210

194 1540 253 1591 Non
267 1542 347 1590 Venus
361 1537 469 1598 affulsit,
485 1556 535 1588 norr
550 1539 595 1590 illl
605 1540 712 1605 luppiter
729 1539 790 1589 hori
807 1560 815 1591 a
964 1542 967 1549 '

226 1618 322 1669 Lunave
337 1634 387 1667 non
401 1632 459 1682 apto
471 1618 542 1667 Solve
556 1618 622 1668 fuere
639 1619 705 1667 loto.

168 1724 171 1729 ·
194 1698 246 1748 Nec
256 1699 310 1749 satia
321 1696 412 1747 utiliter
421 1698 512 1761 positos
523 1698 567 1745 tibi
577 1698 679 1761 prebuit
687 1699 770 1763 ignea,

227 1776 306 1835 Quem
320 1777 411 1839 peperit
423 1790 512 1839 magno
527 1772 607 1823 lucida
618 1776 685 1825 Maia
701 1776 765 1826 lori.
781 1789 784 1796 ’

194 1853 231 1903 Te
239 1853 289 1903 fera
296 1868 357 1913 ‚nec
365 1852 497 1917 quidquam
508 1850 630 1917 placidum
639 1852 794 1919 spondentia,
803 1855 889 1905 Martis
912 1878 955 1922 2¹5

226 1928 307 1979 Sidera
320 1926 468 1993 prefferunt‚
485 1929 634 1995 falciferique
650 1933 725 1981 Senis.

193 2008 246 2058 Lux
258 2022 353 2072 quoque
365 2006 466 2061 natalis,
479 2005 579 2071 nequid
592 2009 638 2055 nisi
651 2009 715 2057 trifle
726 2007 835 2070 videres,-

227 2086 330 2148 Turpis,
344 2087 368 2132 δι
381 2081 482 2132 indullis
492 2084 595 2133 nubibus
605 2100 655 2134 atra
666 2087 722 2137 fuit.

193 2164 252 2213 Hac
263 2163 310 2221 eil,
322 2166 348 2211 in
364 2161 435 2211 Fastis
449 2158 487 2210 cui
502 2158 543 2210 dat
555 2164 632 2225 gravit
645 2162 708 2212 Allia
721 2180 829 2224 nomem

151 2279 155 2289 ,
227 2240 334 2305 Quaque
347 2238 397 2289 dies
414 2240 481 2292 lbin,
495 2239 592 2304 publica
608 2238 712 2300 damna,
729 2242 795 2291 tulit.
910 2272 958 2302 220

194 2318 243 2379 Qui
258 2318 347 2376 simul,
359 2316 454 2381 impuri
468 2320 550 2366 matris
564 2316 686 2383 prolapsus
701 2319 731 2366 ab
745 2318 817 2379 alvo,

226 2396 373 2461 Cinyphiam
386 2392 453 2445 foedo
467 2405 566 2459 'corpore
578 2399 662 2459 pressit
674 2398 775 2445 humum
786 2415 795 2456 3

193 2474 259 2525 Sedit
269 2480 294 2524 in
307 2473 404 2525 adverso
416 2476 544 2523 nosturnus
559 2474 665 2523 culmine
682 2476 764 2536 bubo,

226 2554 378 2616 Funereoque
394 2566 475 2613 graves
488 2547 565 2599 edidit
579 2566 620 2599 ore
632 2552 712 2601 lonoa.
745 2602 749 2607 ,

193 2632 303 2681 Protinus
315 2626 458 2677 Eumenides
473 2626 551 2677 lavere
566 2626 707 2690 palustribus
720 2628 799 2691 ulvis,
882 2635 884 2639 ’
910 2655 953 2700 ²25

225 2709 281 2769 Qua
293 2724 350 2759 cava
362 2704 391 2756 de
405 2708 492 2770 Stygiis
505 2702 605 2753 fluxerat
618 2702 682 2755 unda
694 2705 761 2755 vadit
768 2726 777 2766 ς

100 2840 101 2843 ,
192 2787 337 2849 Pefloraque
355 2798 472 2831 unxerunt
489 2780 584 2831 Erebiae
603 2781 660 2829 felle
674 2783 794 2839 colubra,

225 2864 320 2925 Terque
335 2855 467 2909 cruentatas
480 2862 617 2923 increpuere
632 2874 717 2908 manue
736 2877 743 2907 r

192 2941 343 3003 Gutturaque
353 2939 490 2985 imbuerunt
504 2936 607 2985 infantia
618 2935 677 2985 lade
688 2930 786 2987 canino.

225 3016 271 3063 llic
282 3019 370 3077 primus
382 3017 447 3079 pueri
460 3014 561 3063 venitin
571 3030 613 3074 ora
623 3015 698 3063 tibus.

191 3092 298 3142 Perbibit
309 3090 366 3141 inde
375 3094 422 3141 suar
437 3091 527 3143 rabiem
540 3093 777 3153 numunianum

700 3170 758 3239 κη

908 3058 956 3104 23⁰
