2325 3959
290 460 600 530 'FAsnonuM
620 452 757 523 Irni.
844 472 889 538 ²9

209 580 283 646 Quod
300 580 408 649 tepidum
422 579 492 647 vigili
506 586 623 645 provocat·
634 592 675 627 ore
685 574 760 626 diem.

175 654 269 711 Interea
278 658 386 727 Delphin
396 658 488 708 clarum
498 660 566 723 super
575 669 672 722 equora
682 651 748 703 ridut

207 740 316 788 Tollitur
326 756 335 797 ς
352 742 377 786 δι
393 738 474 801 patriis
485 738 569 784 exserit
578 750 622 783 ora
633 730 711 783 vadit.

175 812 322 865 Posrnnt
333 815 373 863 lux
384 817 489 864 hiemem
497 811 580 863 medio
590 810 727 861 discrimine
734 811 830 876 signam

207 893 333 960 AEquaqne
342 895 483 959 praeterire,
495 904 549 959 que
558 890 691 956 superabit,
703 890 756 938 erit.
887 902 937 953 qno

171 969 323 1020 PROXIMA
338 970 465 1036 prospiciet
475 970 586 1019 Tithono
595 982 670 1033 nupta
680 965 762 1015 reiisto

203 1048 311 1099 Arcadiae
319 1048 410 1099 sacrum
422 1047 561 1115 pontificale
572 1047 642 1097 Dm

171 1126 206 1177 Te
216 1144 313 1195 quoqne
323 1128 363 1177 lux
375 1125 473 1181 eadem,
489 1127 566 1175 Turni
583 1127 668 1185 soror,
681 1120 734 1173 ide
742 1121 832 1186 recepit
842 1136 851 1179 3

202 1206 249 1257 Hie
262 1208 304 1257 nbi
314 1205 429 1272 Virginei
438 1204 546 1270 Campus
556 1206 638 1253 obitur
648 1201 719 1268 aqui.

167 1282 240 1333 Unde
256 1295 336 1351 petam
349 1286 428 1334 causas
443 1285 548 1342 horum,
566 1296 708 1346 moremque
719 1276 860 1328 sacrorum?
885 1296 932 1347 445

200 1362 297 1426 Dirigat
307 1365 333 1411 in
342 1360 425 1411 medio
435 1362 488 1427 quis
498 1375 551 1409 mea
560 1359 615 1409 vela
626 1359 703 1408 freto?

167 1440 222 1503 lpse
231 1453 319 1499 mone,
336 1452 389 1504 quae
400 1450 490 1486 nomen
500 1436 571 1484 habes
581 1436 709 1483 acarmine
721 1429 837 1491 ductum,

200 1517 375 1582 Propositoque
387 1514 457 1575 fave,
471 1528 502 1563 ne
517 1526 570 1562 tuus
583 1525 647 1561 erret
656 1513 743 1561 bonor·

167 1593 228 1644 Orta
237 1598 302 1660 prior
314 1592 397 1655 Luni,
413 1590 444 1643 de
455 1594 481 1642 se
489 1594 509 1641 ri
519 1588 624 1641 creditur
633 1593 695 1656 ipti,

198 1673 320 1739 Amagno
332 1672 402 1723 tellus
412 1668 504 1721 Arcade
514 1670 694 1720 nomenhabet.
882 1692 933 1737 470

164 1749 213 1801 Hie
227 1750 274 1800 fuit
284 1748 408 1801 Evander:
418 1752 474 1816 qui,
486 1764 634 1816 quamquam
644 1747 723 1797 ciatur
733 1760 851 1815 unoque,

195 1828 309 1879 Nobilior
326 1832 396 1879 sacrae
406 1831 519 1894 sanguine
529 1832 614 1880 matria
623 1841 683 1878 erat.

164 1906 238 1968 Quae,
256 1908 327 1955 simui
341 1910 454 1957 ethereos
470 1909 552 1955 animo
566 1917 708 1970 conceperat
717 1907 783 1971 ignes
789 1934 800 1966 ,
818 1904 820 1909 ’

197 1984 246 2033 Ore
253 1982 326 2034 dabat
335 1999 392 2033 vero
401 1984 506 2033 carmina
511 1981 584 2047 plena
590 1982 648 2031 Dei.

163 2057 265 2109 Dixerat
275 2063 325 2109 hac
337 2074 397 2111 nato
407 2072 487 2109 morus
498 2060 600 2120 instare,
613 2060 720 2126 tibique,
880 2085 926 2134 475

195 2137 323 2207 Multaque
340 2153 452 2204 praeterea
463 2155 469 2185 ε
482 2150 591 2202 tempore
602 2140 671 2187 natta
682 2135 764 2190 fidem.

161 2214 225 2268 Nam
237 2219 347 2282 juvenis,
363 2216 420 2266 veri
430 2217 534 2265 nimium
546 2226 603 2265 cnm
614 2229 689 2265 marre
699 2214 810 2281 fugatur,

192 2294 288 2344 Deserit
299 2293 427 2345 Arcadiam
439 2295 636 2361 Parrhasiumque
647 2294 731 2344 larem

159 2372 209 2425 cur
226 2377 328 2438 genitrix
344 2372 433 2432 flenti,
448 2372 553 2422 Fortuna
565 2373 668 2424 viriliter
676 2407 685 2432 ‚
698 2375 793 2438 inquit,

193 2452 272 2520 (Siste
282 2486 290 2511 ‚
302 2469 376 2517 puer,
389 2450 523 2517 lacrymas)
536 2451 578 2500 ista
590 2449 688 2501 serenda
698 2451 743 2500 tibi
751 2450 793 2501 est.
876 2450 926 2514 480
942 2450 945 2454 ’

120 2550 123 2556 ·
158 2532 196 2579 Sic
207 2533 289 2579 eratin
299 2528 369 2578 satis:
382 2542 459 2579 necte
470 2543 510 2577 toa
518 2528 589 2593 culpa
596 2528 702 2594 fugavit,

191 2606 238 2657 Sed
248 2607 313 2656 Deus
325 2626 331 2654 t
343 2605 451 2664 offenso,
464 2607 543 2671 pulsus
556 2624 580 2655 es
592 2608 666 2667 urbe,
678 2607 742 2657 Deo.

157 2684 222 2735 Non
235 2687 315 2733 meriti
332 2700 428 2749 poenam
444 2688 547 2750 pateris,
560 2683 601 2734 sed
611 2684 724 2735 Numinis
735 2690 812 2736 iram:

191 2761 231 2811 Est
242 2758 332 2826 aliquid
341 2765 436 2827 magnis
446 2766 537 2811 crimen
547 2760 626 2813 abesse
636 2763 716 2813 malis.

158 2838 264 2891 Conscia
275 2855 341 2887 mens
352 2854 379 2889 nt
388 2844 474 2906 cuique
484 2843 525 2889 sua
536 2840 585 2899 est,
600 2844 634 2889 ita
644 2843 751 2907 concipit
759 2844 822 2893 intra
833 2873 835 2877 ·
870 2835 903 2895 43
905 2850 919 2900 5

190 2912 289 2959 Pectora
302 2926 346 2975 pro
357 2910 420 2961 fauo
429 2915 541 2979 spemque
552 2928 693 2980 metumque
703 2918 755 2966 suo.

154 2990 207 3041 Nec
224 3004 304 3038 tamen
314 3022 322 3049 ,
335 3003 360 3037 nt
371 2992 476 3054 primus.
486 3008 556 3041 mare
567 3028 575 3053 ,
585 2993 651 3045 mala
659 2993 715 3043 talia
726 2991 823 3059 passum

186 3068 275 3116 Obruit
283 3069 392 3133 ingentes
402 3067 445 3116 ista
454 3069 560 3132 procella
572 3071 646 3121 viros.

151 3144 235 3199 nanus
247 3142 330 3209 idem,
349 3146 429 3212 Tyriis
439 3149 481 3215 qui
490 3146 614 3215 quondam
623 3148 705 3214 putres
715 3147 745 3195 ab
755 3148 803 3197 orit
808 3181 822 3209 ‚

691 3228 714 3282 B
731 3228 761 3300 iij
842 3239 844 3242 ·
