2325 3959
328 355 394 443 356
466 352 508 419 P.
533 354 686 421 Ournrr
705 352 910 422 NAsoNrs

296 462 307 510 5
325 456 388 506 Cim
397 454 502 521 gelidam
512 459 637 519 Thracen,
650 462 674 507 ἃ
685 474 796 524 opertum
807 461 919 509 nubibus
931 459 1039 518 Haemos,

355 532 385 581 Et
406 537 476 583 meris
491 536 552 583 Ionii
571 540 709 585 transieritis
727 552 814 603 aquam

262 616 264 621 ‘
322 610 385 659 Luce
400 616 478 661 minut
491 612 585 662 decimi
599 612 723 663 dominam
737 617 840 664 venietis
856 617 885 664 in
902 614 1019 675 Urbem,

355 689 389 738 Ut
411 692 545 741 festinatum
565 708 615 740 non
633 692 724 741 satiatis
740 695 796 740 iter.

323 766 433 815 Protinus
450 767 505 817 inde
523 766 609 816 domus
627 770 695 817 vobit
713 770 828 835 Pompeja
841 784 959 834 petetur.

278 858 308 894 ro
326 882 330 889 .
358 842 414 894 Non
433 844 465 893 est
482 846 587 911 Augusto
601 848 703 910 junsiior
719 846 768 895 ulla
784 848 860 895 Foro.

324 926 348 973 Si
359 926 426 989 quis,
443 938 470 972 ut
487 928 511 971 in
531 926 640 989 populo,
654 927 696 988 qui
711 927 761 972 sitis
774 928 799 973 dt
812 924 897 984 unde,
911 925 1027 989 requiret:

357 1004 464 1052 Nomina
474 1000 573 1066 decepti
584 1002 697 1066 quelibet
706 1017 762 1051 enee
773 1000 842 1051 serat.

325 1078 360 1129 Ut
375 1084 405 1129 sit
419 1083 483 1128 enim
503 1093 593 1132 tutum,
614 1082 676 1128 sicut
689 1095 744 1127 reor
760 1075 825 1137 esse,
841 1078 940 1137 fateti3

358 1156 437 1205 Verba
454 1158 535 1205 minus
551 1155 615 1205 cette
634 1155 688 1205 fisis
704 1158 797 1204 timorit
818 1157 926 1204 habent.

211 1224 226 1240 ⁹
280 1237 307 1282 15
327 1232 406 1298 Copia
422 1250 465 1282 uec
481 1235 564 1292 vobis,
578 1234 629 1282 uilo
640 1227 796 1298 prohib'ente,
807 1231 913 1283 videndi

360 1311 490 1371 Consulis,
508 1326 535 1361 ut
553 1312 628 1360 limen
645 1314 791 1375 contigeritis
801 1345 809 1369 ,
821 1313 880 1359 erit.

327 1390 375 1439 Aut
390 1404 456 1454 reget
475 1389 517 1439 ille
536 1391 590 1438 suos
607 1387 710 1438 dicendo
725 1393 776 1453 jura
790 1388 920 1450 Quirites,

361 1466 526 1533 Conspicuam
547 1470 619 1533 signis
635 1466 691 1515 stim
705 1482 798 1532 premet
814 1466 881 1516 altus
899 1470 985 1517 ebur:

329 1545 391 1606 Aut,
408 1546 493 1610 popuii
508 1544 598 1593 reditus
609 1546 712 1609 positam
723 1557 854 1608 componet
866 1543 901 1593 ad
912 1546 1016 1605 hasim,

279 1639 311 1673 ιο
350 1622 391 1671 .Et
410 1626 485 1672 minui
505 1638 597 1687 magnae
618 1638 667 1671 non
682 1624 746 1671 sinet
762 1621 835 1670 Urbis
853 1638 928 1687 opes.

329 1700 377 1749 Aut
386 1734 394 1759 ,
411 1714 437 1749 ut
455 1714 523 1749 erunt
542 1701 622 1748 Patres
638 1702 665 1748 in
679 1698 743 1748 iulia
759 1698 850 1763 templa
866 1704 967 1760 vorati,

362 1776 400 1824 De
423 1791 490 1827 tanto
512 1775 591 1841 dignis
613 1775 721 1826 Consule
739 1778 807 1825 rebus
827 1794 896 1841 aget.

330 1854 378 1902 Aut
396 1853 455 1903 seret
474 1854 578 1919 Augusto
597 1851 692 1902 solitam
710 1867 815 1917 natoque
832 1854 957 1915 salutern,

359 1931 442 1998 Deque
457 1948 543 1997 parum
560 1946 620 1980 noto
636 1930 745 1979 consulet
761 1928 853 1979 officio.

287 2014 314 2065 25
335 2010 439 2074 Tempus
460 2012 489 2058 ab
504 2012 540 2058 his
555 2001 661 2058 'statuum
676 2007 757 2057 Cesar
770 2008 933 2059 Germanicus
948 2023 1020 2060 omne
1046 2037 1047 2086 q

366 2087 464 2137 Auferet
483 2106 489 2134 ι
509 2103 523 2135 a
541 2087 634 2149 magnis
649 2087 713 2133 hunc
729 2085 790 2133 colit
806 2085 849 2133 ilie
868 2085 942 2135 Deis.
1046 2091 1047 2128 i

333 2164 397 2217 eum
420 2180 500 2215 tamen
518 2180 531 2213 a
549 2164 618 2212 turha
635 2179 715 2210 rerum
731 2165 875 2227 requieverit
898 2166 1008 2223 herum,
1046 2137 1047 2164 ¹

366 2244 403 2293 lid
421 2260 463 2293 vos
481 2244 614 2290 mansuetas
630 2243 736 2304 porriget
749 2240 790 2288 ille
804 2257 908 2300 manus,

334 2319 446 2385 Quidque
458 2336 540 2384 parens
557 2336 603 2383 ego
621 2318 696 2367 vester
712 2334 796 2382 agam,
811 2318 913 2369 fortasse
932 2326 1045 2388 requiret:

290 2418 319 2465 ,ο
369 2399 438 2447 Talia
458 2412 500 2445 vos
518 2395 554 2445 illi
570 2393 669 2444 reddere
685 2396 757 2443 verba
769 2395 853 2445 velim.

336 2478 402 2528 Vivit
418 2472 515 2532 adhuc,
538 2476 662 2538 virumque
678 2473 724 2521 tibi
740 2470 825 2521 debere
840 2473 953 2536 fatetur,

368 2556 447 2615 Quam
466 2550 530 2616 priris
548 2567 561 2599 a
579 2554 635 2599 miti
652 2550 745 2601 Caesare
764 2568 850 2600 munus
866 2554 956 2604 habet.

337 2634 372 2683 Te
390 2632 448 2690 tibi,
464 2629 518 2679 cim
533 2629 643 2693 sugeret,
663 2632 765 2679 memori
779 2630 840 2679 soiet
856 2647 900 2679 ote
916 2634 1030 2698 referre,

368 2710 485 2759 Barbarie
500 2722 562 2755 tutas
573 2705 704 2755 exhibuisse
719 2709 778 2755 viat.

293 2792 318 2841 tt
339 2788 455 2850 Sanguine
473 2784 604 2833 Bistonium
619 2781 686 2849 quod
701 2800 751 2833 non
767 2783 907 2848 tepefecerit
917 2792 1024 2856 ensem,

370 2862 486 2913 Effestum
507 2860 563 2911 curti
580 2864 680 2925 pedoris
696 2859 743 2911 effe
761 2864 805 2911 tui.

337 2939 427 3011 Addita
440 2953 550 3005 preterea
565 2941 621 2989 vitae
637 2955 732 3004 qnoque
746 2936 823 2987 multa
837 2938 935 2992 tuende

371 3020 493 3083 Munere,
509 3033 539 3072 ne
552 3020 805 3099 proprias-attenuaret
822 3030 889 3081 opes·
926 3084 935 3096 .
999 3067 1002 3071 ,

409 3208 417 3243 p,
