2325 3959
165 386 174 400 ⁶
230 426 369 493 Errsr.
395 435 452 490 tx
473 418 626 487 Potito
646 415 685 487 L.
705 414 755 484 II.
784 393 850 502 303

171 541 308 595 Difficilem
317 544 425 611 precibus
435 556 457 593 te
468 557 564 606 quoque
575 544 626 604 jure
639 540 706 587 meis.

136 619 253 687 Quaque
273 638 313 671 tua
330 622 363 671 est
381 624 454 685 pietas
471 620 497 667 iu
513 632 593 666 totum
608 630 697 665 nomeu
708 614 771 671 Iiili,

173 700 213 747 Te
231 699 306 759 laedi,
322 699 378 747 crim
395 700 448 761 quis
464 694 558 745 iaeditur
573 691 650 751 inde,
665 707 741 756 putas.

136 772 189 823 Sed
208 776 267 826 lieet
284 792 349 825 arma
364 775 445 833 fetas,
464 778 489 823 δι
505 772 602 823 vulnera
620 773 680 820 sava
695 768 808 826 mineris,

173 852 235 901 Nou
247 867 327 903 tamen
338 851 441 913 efficies,
455 866 482 899 ur
497 854 595 899 timeare
612 849 680 897 mihi.

137 927 232 993 Puppis
242 928 428 981 Achaemeniden
438 931 538 994 Grajum
551 930 658 993 Trojaua
667 925 773 988 recepit:
874 932 901 980 25

174 1009 272 1058 Profuit
284 1013 309 1059 δι
319 1010 391 1075 Myso
401 1008 477 1057 Pelias
487 1007 551 1055 hasta
561 1004 627 1055 duci.

136 1082 265 1151 Confugit
274 1086 396 1137 interdum
406 1085 490 1149 tempsi
500 1085 605 1133 violator
617 1080 647 1133 ad
662 1096 726 1131 atam
736 1114 744 1139 ‚

173 1163 228 1211 Nec
246 1179 324 1228 petere
338 1162 425 1213 offensi
435 1165 540 1212 numinis
552 1163 726 1223 hortetupem.

137 1238 238 1289 Dixerit
249 1246 296 1290 hoc
305 1241 392 1306 aliquis
405 1256 484 1289 tutum
494 1256 544 1289 uon
554 1236 616 1297 esset
626 1238 729 1287 fatemur
741 1253 747 1282 ι

174 1314 223 1365 Sed
233 1333 284 1367 nou
295 1334 335 1381 pet
345 1315 450 1381 placidas
460 1320 480 1365 it
491 1332 545 1364 mea
556 1319 639 1379 puppis
651 1330 733 1378 aquas.
877 1330 908 1377 3⁰

141 1392 208 1441 Tuta
230 1409 312 1458 petant
328 1395 369 1442 alii
383 1413 390 1441 t
408 1395 511 1442 Fortuna
525 1394 657 1441 miserrima
672 1406 723 1440 tuta
737 1389 769 1439 est
784 1407 790 1438 t

176 1471 243 1519 Nam
255 1474 328 1519 timot
337 1469 435 1519 eventfis
448 1469 571 1519 deterioris
583 1470 654 1519 abest.

142 1548 192 1608 Qui
203 1551 294 1615 rapitur
306 1547 374 1603 fatis,
388 1546 448 1612 quid
465 1563 548 1612 praetet
559 1546 608 1597 sata
620 1549 739 1612 requirar?

177 1627 243 1690 Saepe
254 1641 317 1675 creat
328 1626 415 1675 molles
425 1627 504 1690 aspera
515 1628 581 1691 spina
591 1628 663 1673 rosas.

143 1704 192 1763 Qui
213 1706 303 1767 rapitur
320 1705 444 1768 spumante
459 1699 529 1758 salo,
544 1705 584 1751 sua
602 1704 697 1751 brachia
708 1702 773 1749 cauti
874 1700 901 1748 st

177 1782 297 1845 Porrigit,
314 1786 339 1830 ὅτ
354 1783 432 1846 spinas
448 1779 553 1847 duraque
571 1782 625 1830 satta
641 1783 713 1844 capit.

142 1860 289 1921 Accipittem
300 1874 421 1913 metuens,
437 1861 520 1923 pennis
531 1858 701 1923 trepidantibus
715 1857 763 1905 ales

177 1937 258 1983 Audet
267 1933 297 1983 ad
307 1939 425 1985 humanos
439 1932 496 1983 feisa
509 1939 590 1985 venite
605 1939 677 1985 sinus.

144 2010 197 2060 Nec
209 2014 230 2059 se
240 2014 321 2061 vicino
332 2010 426 2061 dubitat
436 2015 588 2061 committere
599 2016 677 2072 redo,

179 2092 238 2150 Quae
256 2092 318 2157 fugit
332 2091 430 2141 infestos
446 2095 528 2141 territa
543 2108 612 2140 cerva
630 2108 706 2140 canes.
873 2102 906 2145 4⁶¹

146 2170 201 2226 Da,
213 2186 297 2233 pretor
306 2204 314 2229 ,
324 2166 443 2218 aceessum
455 2169 583 2230 lacrymis,
595 2168 736 2227 mitissime,
754 2167 838 2217 nostris
849 2188 856 2218 s

179 2248 229 2296 Nee
240 2247 342 2312 rigidam
354 2246 446 2297 timidis
454 2248 555 2296 vocibus
566 2244 629 2296 obde
640 2247 727 2295 sotem.

147 2325 270 2389 Verbaque
281 2325 360 2374 nostra
370 2324 452 2374 favens
462 2326 571 2375 Romana
583 2322 613 2374 ad
627 2324 733 2374 Numina
743 2323 833 2389 perfer,

178 2402 234 2451 Non
255 2405 299 2452 ribi
320 2404 424 2468 Tarpejo
440 2404 505 2452 culta
524 2404 635 2451 Tonante
652 2406 741 2451 minus.

148 2480 302 2547 Mandatique
314 2485 363 2531 mei
373 2482 466 2551 segarus
477 2484 566 2546 suscipe
580 2482 676 2531 cursam
695 2498 702 2529 a
873 2508 902 2553 45

179 2558 251 2606 Nulla
268 2576 323 2607 meu
341 2562 450 2623 quamvis
467 2563 566 2609 nomine
581 2560 651 2608 causa
668 2560 731 2607 bona
749 2558 790 2607 est.

150 2637 199 2683 Jam
210 2651 282 2698 prope
291 2633 429 2698 depositus,
446 2635 508 2684 cesti
522 2640 571 2699 jam
587 2634 686 2701 frigidus
704 2648 782 2700 eger,

183 2716 288 2763 Servatus
305 2728 345 2776 pet
364 2728 405 2772 te,
422 2716 442 2761 si
458 2712 534 2763 modi)
550 2715 647 2773 server,
666 2728 715 2761 eru.

152 2790 219 2841 Nune
230 2805 270 2839 tua
279 2806 324 2854 pto
332 2790 403 2855 lapsis
410 2794 503 2842 nitatur
512 2795 588 2855 gratia
599 2792 685 2852 rebus,

182 2868 292 2932 Principis
306 2871 387 2915 aterni
404 2884 477 2934 quam
492 2870 535 2918 tibi
551 2868 645 2934 praestat
660 2886 737 2921 amor·
876 2886 907 2934 50

152 2946 219 2999 Nunc
234 2947 279 2996 tibi
293 2949 318 2996 ἃ
335 2945 425 3013 eloquii
441 2948 506 2998 nitor
517 2947 561 2997 iiie
577 2946 719 2999 domesticus
736 2946 814 3010 adsit,
845 2934 847 2942 Α

183 3026 235 3085 Quo
245 3038 337 3091 potetas
347 3023 446 3089 trepidis
458 3025 526 3075 utilis
534 3024 582 3075 effe
591 3029 646 3076 teis.

152 3103 216 3153 Vivit
227 3107 292 3153 enim
305 3106 332 3151 in
348 3104 418 3154 robis
430 3101 530 3154 facundi
545 3103 628 3170 lingua
643 3106 745 3170 patentis
753 3120 763 3162 3
