2325 3959
173 457 176 465 ,
247 400 768 475 ErrennxPouroLIII.
816 420 877 487 341

94 514 109 528 ”
201 517 271 577 Lecta
286 530 341 577 satis
359 526 466 587 multat,
487 534 561 591 pauca
581 519 651 572 fuiffe
668 529 763 589 queror.

169 602 240 653 Plura
258 604 299 655 sed
315 608 365 653 haec
384 604 430 653 feci
448 599 575 669 relegendo
593 599 670 665 saepe3
688 617 731 649 nec
749 616 853 665 unquam

203 682 261 730 Non
282 686 359 741 mihi,
375 674 449 748 quim
465 679 560 746 primo,
583 692 649 743 grata
667 678 731 727 fuere
743 681 826 742 magis.

169 755 283 823 Crimque
301 760 360 808 nihil
379 762 450 808 toties
465 758 522 806 ledia
534 775 546 806 e
557 754 683 805 dulcedine
695 754 806 820 perdant,

105 838 108 841 '
202 837 299 885 Viribus
316 833 358 886 iila
378 839 441 894 suis,
458 852 507 883 non
523 838 650 893 novitate,
667 832 771 898 placent.

168 912 277 962 Pelices!
295 916 380 980 quibus
399 916 447 962 haec
463 915 515 977 ipso
531 912 674 977 cognoscere
692 914 718 957 in
735 912 804 963 adiu,
904 935 930 982 ¹5

204 990 233 1039 Et
255 1006 304 1041 tam
324 990 427 1039 facundo
445 994 547 1055 contigit
565 1005 607 1037 ore
627 988 683 1037 frui.

168 1053 232 1105 Nam
248 1072 394 1122 quamquam
411 1056 479 1119 sapor
495 1056 527 1103 est
544 1053 618 1103 arraei
634 1053 712 1102 dulcis
729 1055 755 1101 in
770 1049 852 1111 unda,

201 1133 297 1183 Gratirie
314 1152 342 1183 err
357 1135 409 1199 ipso
426 1132 494 1182 fonte
509 1134 623 1181 bibuntur
635 1147 712 1197 aqua.

166 1208 200 1260 Et
216 1215 290 1276 magis
310 1210 414 1261 adduao
429 1227 531 1277 pomum
548 1208 673 1277 decerpere
691 1228 775 1271 ramo,

201 1287 282 1347 Quem
297 1289 326 1337 de
342 1289 424 1337 caelata
436 1290 527 1337 sumere
542 1288 627 1347 lance,
646 1285 721 1353 juvat.

168 1363 201 1414 At
216 1368 261 1413 nisi
278 1363 429 1429 peccaiiem,
450 1368 496 1416 nisi
514 1382 553 1413 me
573 1381 627 1413 mea
645 1365 715 1415 Mosa
731 1361 832 1431 sugaffet
842 1400 851 1426 ,

200 1442 274 1503 Quod
292 1444 359 1508 legi,
378 1458 418 1494 tua
435 1460 483 1493 vox
501 1439 643 1491 exhibuisset
660 1458 728 1507 opus.

167 1519 251 1585 thue
267 1520 303 1570 fui
319 1520 420 1581 solitus,
435 1517 543 1571 sediffem
560 1520 661 1570 forsitan
677 1535 737 1569 nnus
754 1509 756 1515 Α

198 1598 237 1647 De
254 1613 349 1649 centum
366 1598 437 1663 judex
458 1603 483 1648 in
504 1615 545 1648 tua
564 1600 637 1648 verba
654 1601 721 1648 viris.

167 1674 249 1741 Major
262 1681 285 1725 δι
297 1676 415 1741 ἰπιρῙόίΓει
429 1675 559 1742 precordia
576 1676 655 1726 nostra
670 1676 798 1742 voluptas,
903 1685 931 1731 25
1032 1705 1035 1710 >

201 1752 268 1805 Ctim
280 1758 384 1808 traherer
402 1754 469 1805 diciie
485 1771 661 1822 annueremque
679 1759 734 1804 tuis.

168 1830 248 1892 Quem
270 1836 384 1898 quoniam
407 1833 504 1892 fatum,
520 1834 589 1883 vobis
608 1832 730 1898 patriique
746 1832 831 1882 relidit
840 1868 849 1894 ‚

201 1910 267 1958 Inter
285 1914 430 1959 inhumanos
446 1910 532 1961 maluit
549 1908 595 1973 eii'e
611 1911 684 1959 Getae
701 1927 708 1957 t

168 1984 243 2047 Quod
265 1986 341 2045 licet,
361 2002 388 2035 ut
407 1986 489 2037 videar
506 2003 586 2037 tecum
607 1990 683 2052 magis
700 1985 764 2046 effe,
784 1987 884 2053 legenda

202 2065 282 2128 Saepe,
302 2080 400 2128 precor,
417 2063 487 2113 studii
503 2066 604 2129 pignora
622 2069 691 2113 mitte
709 2068 744 2114 tui
763 2084 770 2112 t
906 2084 935 2130 30

168 2138 336 2207 Exempioque
352 2159 429 2201 meo,
452 2146 496 2191 nisi
513 2140 649 2207 dedignaris
664 2141 691 2191 id
704 2145 803 2208 ipsum,

114 2253 117 2258 -
202 2218 298 2276 Utere3
320 2218 388 2285 quod
406 2221 476 2269 nobis
493 2222 576 2269 reditis
596 2220 646 2284 ipse
663 2218 738 2269 dares.

167 2296 280 2363 Namque
292 2300 401 2363 ego,qui
411 2300 471 2361 perii
481 2301 529 2362 jam
541 2296 654 2362 pridem,
665 2298 786 2352 Maxime,
798 2299 883 2359 vobis,

201 2376 303 2447 'ingenio
319 2380 383 2425 nitor
403 2392 453 2425 non
470 2372 563 2441 periisse
581 2392 646 2425 meo.

167 2452 252 2503 Redde
268 2456 365 2511 vicem3
387 2470 431 2503 nec
452 2470 503 2503 rara
525 2458 559 2504 tui
578 2469 738 2505 monumenta
757 2454 862 2519 laboris,
904 2468 930 2513 35

202 2534 327 2594 Accipiam
345 2531 448 2589 nostra,
464 2548 535 2595 grata
547 2532 642 2591 futura,
659 2548 753 2583 manue.

168 2604 314 2655 Dic‘tamen
323 2638 335 2660 ‚,
347 2614 378 2657 o!
396 2610 488 2671 juvenis
503 2606 635 2657 studiorum
650 2611 718 2674 plene
738 2628 867 2673 meor·:nr;

204 2680 299 2747 Ecquid
314 2684 345 2731 ab
360 2686 396 2733 his
413 2687 468 2749 ipsis
488 2682 631 2734 admoneare
651 2690 715 2736 meir

169 2758 281 2827 Ecquid,
292 2762 333 2809 ubi
342 2775 383 2810 aut
393 2765 477 2811 recitas
489 2762 576 2811 sacrum
591 2762 667 2813 modo
679 2781 773 2817 carmen
784 2772 883 2831 amicis,

202 2839 272 2895 Ant,
292 2836 359 2904 qnod
378 2840 437 2903 saepe
449 2839 530 2899 folre,
546 2844 619 2905 exigis
629 2857 656 2890 ut
666 2846 783 2896 recitent?
898 2865 934 2909 40
1015 2834 1020 2842 ’

170 2914 295 2967 Interdum
309 2920 417 2983 queritur
434 2932 572 2978 tuentem,
588 2919 738 2987 oblite-quid
753 2924 835 2973 abtit?
914 2953 917 2960 ι

204 2994 291 3043 Nescio
308 2994 368 3060 quid
382 2994 444 3046 certe
461 2998 532 3047 sentit
547 2995 624 3047 abeffe
640 3001 685 3050 sui.

170 3070 252 3138 thue
269 3070 338 3139 loqui
356 3071 386 3125 de
403 3090 443 3127 me
459 3074 564 3127 multum
580 3079 694 3142 presente
709 3076 817 3138 solebas,

537 3166 542 3174 '
707 3156 726 3210 P
745 3158 773 3226 iij
