2325 3959
235 402 745 479 Frrsr.uxPouroL.III.
786 424 854 493 327
1066 142 1075 515 b

159 528 197 580 Et
209 536 263 596 pia,
277 548 327 583 non
338 535 414 596 parvis
425 530 538 588 testibus,
549 545 609 578 uxor
624 532 677 578 eris.
874 543 907 581 ιο

121 606 216 658 Crede
230 613 309 668 mihi,
329 612 424 674 quoties
438 604 542 657 laudaris
559 609 664 657 carmine
678 605 775 667 nostro,

161 686 231 745 Quae
243 687 304 750 legit
310 688 351 734 has
363 684 459 741 laudes,
470 700 500 733 au
511 700 632 741 mereare,
644 697 720 746 rogat.
820 744 823 747 Ι

122 760 219 826 thue
236 762 316 812 favere
330 779 383 811 reor
395 763 474 827 piures
487 761 614 810 virtutibus
625 761 689 815 iuis,

162 842 206 887 Sic
219 854 263 889 tua
272 856 321 889 non
333 857 412 905 paueae
422 855 517 904 carpere
527 838 589 887 faita
600 836 695 888 volent.

125 915 217 975 Quare
232 952 240 977 ,
255 932 283 966 tu
297 919 394 983 praesta,
414 934 445 966 oe
464 918 539 966 Livor
556 915 635 965 dicere
652 916 745 982 possin
876 917 904 972 65
930 930 932 935 ⁸

164 994 229 1043 Haec
241 996 274 1043 est
285 1013 329 1060 pto
343 997 423 1045 miseri
435 995 500 1044 leuto
511 994 586 1043 salute
597 998 652 1043 viri.

127 1069 252 1136 Ctimque
264 1088 310 1137 ego
320 1070 445 1126 deficiam,
457 1088 502 1120 nec
512 1076 602 1135 possim
614 1070 700 1121 ducere
714 1085 828 1131 currum,

165 1148 216 1196 Fac
230 1164 257 1197 tu
267 1150 377 1198 sustinear
388 1148 468 1199 debile
485 1147 537 1200 iota
552 1154 645 1214 jugum.

130 1223 171 1274 Ad
184 1224 312 1274 medicum
322 1229 494 1291 spe&o‚venis
507 1226 669 1290 fugientibus,
684 1242 763 1291 ager:
862 1220 865 1224 ⁴
904 1219 906 1222 ¹

167 1302 268 1351 Ultima
279 1320 331 1367 pars
342 1307 428 1352 animae
439 1302 498 1352 dum
513 1306 574 1351 mihi
591 1304 672 1361 restat,
688 1301 754 1351 ades.
874 1302 907 1353 7⁰

135 1377 265 1443 Quodque
275 1396 320 1443 ego
331 1380 478 1445 prestarem,
494 1384 513 1428 ti
528 1395 551 1429 te
561 1383 638 1444 magis
649 1382 697 1443 ipse
707 1377 826 1434 valerem,

172 1454 203 1504 Id
214 1458 276 1505 mihi
288 1492 296 1514 ‚
306 1457 362 1506 etim
378 1456 457 1506 valeas
474 1456 575 1516 sortitis,
587 1458 635 1521 ipsa
648 1455 718 1505 refer.

135 1533 221 1597 Exigit
232 1536 278 1583 hoe
289 1534 382 1583 socialis
393 1551 477 1594 amor,
489 1532 615 1599 foedusque
626 1537 740 1583 maritum
752 1552 760 1583 t

138 1606 144 1616 '
171 1612 284 1658 Moribus
296 1613 356 1666 hoc,
373 1616 478 1674 coniux,
491 1614 564 1676 exigis
579 1613 629 1675 ipsa
640 1600 695 1660 tuis.

138 1687 195 1739 Hoc
207 1688 292 1737 domui
306 1686 394 1747 debes,
411 1688 441 1737 de
454 1689 502 1755 qui
513 1691 630 1747 censeris,
647 1703 673 1736 ut
688 1687 757 1737 illam

174 1764 231 1813 Non
242 1768 318 1829 magis
329 1763 427 1824 officiis,
439 1765 513 1830 quim
523 1766 657 1830 probitate,
674 1766 747 1813 colas.

144 1839 238 1892 Cunsta
259 1841 315 1890 licet
333 1841 422 1899 facian
440 1845 486 1889 nisi
503 1846 533 1890 ris
551 1840 694 1900 laudabilis,
710 1858 789 1903 uxor,

174 1918 234 1967 Non
244 1921 333 1982 poterit
344 1918 408 1966 credi
420 1920 512 1966 Marcia
526 1918 592 1967 culta
606 1919 659 1966 tibi.

142 1995 195 2045 Nec
206 1997 286 2042 sumus
296 1991 403 2057 indigoi3
414 2010 457 2043 nec
466 2026 475 2053 ‚
484 1997 547 2043 rivis
556 2010 611 2043 vero
623 1993 692 2043 fateri
701 2028 710 2054 ,

177 2072 284 2118 Debetur
293 2074 384 2120 meritis
394 2074 469 2135 gratia
479 2071 546 2120 nulla
555 2074 624 2119 meis.

143 2146 261 2196 Redditur
271 2146 314 2195 illa
325 2145 424 2212 quidem
441 2146 525 2213 grandi
541 2164 597 2196 cum
615 2148 697 2198 fenore
711 2150 798 2212 nobis,

176 2224 226 2272 Nec
238 2241 277 2284 te,
290 2228 310 2273 ti
321 2228 401 2295 eupiat
411 2223 516 2283 ledere,
527 2225 600 2274 Livor
612 2228 694 2275 haber.

146 2301 190 2351 sed
200 2317 279 2351 tamen
290 2304 335 2351 hoc
347 2302 414 2352 fabiis
425 2300 528 2365 adjunge
538 2302 656 2365 prioribus
670 2320 743 2354 unum
754 2322 763 2363 3

179 2381 222 2429 Pro
232 2380 316 2429 nostris
328 2395 354 2428 ut
365 2383 395 2428 sis
404 2381 532 2429 ambitiosa
541 2381 622 2428 malis.

143 2458 180 2507 Ut
189 2462 264 2509 minus
275 2458 359 2507 infesti
370 2463 461 2522 iaceam
471 2460 567 2521 regione
577 2492 586 2516 ,
597 2458 692 2519 laborm

178 2534 269 2585 Claude
280 2552 323 2582 uec
332 2533 406 2583 officii
418 2552 470 2598 pars
482 2538 526 2583 erit
536 2535 586 2583 ulla
597 2538 642 2583 tui,

149 2613 234 2677 Magna
252 2627 310 2676 peto
321 2645 330 2670 ,
340 2610 380 2660 sed
396 2629 446 2660 non
457 2627 537 2659 tamen
547 2611 667 2663 invidiosa
676 2616 781 2678 roganti.

182 2688 258 2753 thue
275 2705 362 2737 canon
376 2704 475 2747 teneas,
492 2703 544 2737 tuta
552 2689 647 2752 repulsa
658 2704 697 2739 tua
712 2692 753 2743 est.

152 2766 201 2817 Nec
211 2768 268 2813 mihi
281 2767 388 2814 succense
398 2799 407 2823 ‚
418 2768 489 2814 toties
497 2767 516 2813 si
525 2768 630 2818 carmine
640 2766 735 2825 nostro,

184 2840 251 2902 Quod
259 2841 333 2901 facis,
347 2856 375 2891 ut
389 2842 759 2909 facias‚teque1·muere‚rogo.
776 2882 778 2887 .

154 2920 258 2969 fortibus
269 2917 368 2970 affuerit
378 2921 474 2970 tubicen
485 2918 592 2985 prodeise
605 2938 616 2979 t
626 2922 718 2989 suoque

186 2995 237 3043 Dux
252 2997 310 3045 bene
322 3014 452 3062 pugnantes
458 3001 545 3047 incitat
552 3015 594 3047 ore
605 3001 679 3049 viros.

156 3072 217 3125 Nou
231 3089 269 3124 tua
282 3074 315 3125 est
329 3078 453 3141 probitas,
467 3076 594 3143 testataque
606 3092 699 3144 tempus
708 3080 734 3129 iu
744 3094 841 3131 omoezr
