2325 3959
276 409 576 501 FArrontth
608 403 701 471 Lra.
727 401 798 470 111.
841 403 881 491 85

169 527 250 581 Melle
266 546 332 598 pater
349 531 451 582 fruitur:
463 530 560 595 liboque
573 525 652 577 infusa
664 523 753 575 calenti

206 607 263 657 Jnre
280 613 393 675 repertori
406 606 507 658 candida
518 606 592 656 mella
608 601 701 654 damus.

170 685 274 738 Femina
291 706 333 737 cur
346 684 448 753 presset,
464 685 559 735 nonest
574 685 673 733 rationis
683 694 792 747 opertu

208 765 335 815 femineos
349 766 430 829 thyrso
445 768 550 814 concitat
560 763 602 811 ille
610 764 705 811 choros.

169 839 226 893 Cur
243 860 301 893 anus
317 847 364 893 hoc
381 843 452 893 faciat
462 878 472 900 ‚
483 845 567 909 quaeris
576 845 586 889 ἓ
596 842 703 891 vinosior
712 852 768 889 aetar
888 836 933 892 7⁶5

207 920 265 970 Haec
278 923 311 971 est
323 958 331 982 ,
349 918 487 987 &gravidae
499 937 598 970 munera
607 915 764 968 vitis‘amans.

170 992 226 1045 Cur
240 995 327 1045 hederi
341 1000 416 1047 ciniia
430 998 477 1047 esti
493 994 579 1047 hedera
595 995 628 1043 est
641 996 774 1059 gratissima
784 992 887 1041 Baccho.

207 1074 262 1123 Hoc
274 1092 370 1141 quoque
381 1092 423 1125 cur
433 1080 467 1125 ita
478 1078 528 1134 sit,
543 1072 622 1124 dicere
633 1072 700 1122 nulla
711 1087 779 1121 mora
789 1070 830 1118 est.

172 1147 292 1212 Nysindea
303 1152 422 1218 Nymphae
433 1189 440 1213 ‚
453 1171 552 1219 puerum
561 1166 681 1219 querente
691 1148 794 1200 noverci
805 1182 814 1207 ‚

208 1226 276 1277 Hanc
294 1229 405 1281 frondent
420 1234 487 1281 cunis
501 1233 630 1297 apposuere
646 1233 723 1278 novis.
888 1228 938 1271 77ο

173 1300 318 1364 RESTAT,
334 1320 360 1354 ut
378 1309 499 1355 inveniam
511 1340 519 1363 ,
533 1322 605 1370 quare
617 1320 673 1368 toga
685 1304 759 1351 libera
769 1300 839 1350 detur

207 1380 320 1431 Lucifero
336 1387 428 1447 pueris,
446 1380 547 1432 candide
562 1383 672 1440 Bacche,
690 1396 742 1430 tuo.

174 1456 248 1515 Sive,
270 1458 337 1524 quod
347 1462 395 1525 ipse
406 1477 463 1525 puer
480 1462 589 1525 semper,
602 1461 741 1525 juvenisque
753 1490 762 1517 ‚
782 1450 887 1515 videtin

207 1536 241 1585 Et
251 1536 331 1586 media
342 1540 374 1587 est
385 1554 441 1587 atat
457 1541 518 1588 inter
531 1553 658 1604 utrumque
670 1538 723 1586 tibi.

173 1614 220 1663 Seu
240 1618 332 1681 quintu
344 1631 409 1681 pater
417 1634 440 1666 es
452 1652 460 1675 ,
471 1633 564 1682 patres,
577 1619 618 1666 sna
629 1619 741 1681 pignota,
753 1628 823 1663 natos
889 1620 935 1666 775

208 1691 391 1744 Commendant
405 1712 466 1745 cura·
485 1697 670 1761 numinibusque
686 1696 740 1743 tuis.

174 1771 246 1831 Sive,
262 1770 329 1837 quod
343 1789 368 1822 es
387 1774 473 1833 Liber,
490 1774 558 1823 vestis
567 1789 665 1839 quoque
676 1772 750 1821 libera
760 1787 801 1837 per
816 1785 840 1820 te

207 1849 334 1909 Sumitur‚
352 1854 377 1899 &
396 1854 451 1901 vitae
466 1852 585 1901 liberioris
597 1856 650 1901 iter.

174 1926 213 1975 An
233 1929 289 1991 quia
303 1960 311 1984 ‚
329 1928 384 1975 etim
397 1930 467 1991 prisci
478 1928 584 1978 colerent
596 1928 721 1980 studiositis
732 1944 819 1993 agros,

203 2000 240 2050 Et
255 2004 332 2067 patrio
347 2002 433 2053 faceret
444 2021 496 2053 rure
507 2007 606 2056 Senator
617 2023 694 2070 opus,
888 1993 938 2054 7⁸0

175 2078 208 2130 Et
226 2095 320 2144 caperet
330 2080 403 2130 fasces
415 2098 428 2130 ι
439 2099 512 2132 curvo
527 2084 609 2131 consul
621 2099 718 2142 aratro,

209 2157 261 2209 Nec
276 2162 367 2208 crimen
382 2158 452 2209 duras
471 2158 528 2208 effet
538 2161 624 2209 habere
635 2178 740 2220 manus;

176 2236 284 2286 Rusticus
298 2235 329 2286 ad
344 2236 413 2287 ludos
426 2237 528 2303 populus
538 2240 651 2288 veniebat
663 2240 690 2288 in
699 2238 791 2287 Urbem
802 2242 812 2290 i

208 2314 254 2366 Sed
272 2314 332 2375 Dis,
350 2333 400 2367 non
416 2314 498 2366 studiis
516 2316 557 2368 ille
574 2316 675 2366 dabatur
692 2319 798 2385 honos.-

177 2394 240 2444 Luce
250 2394 291 2443 sui
304 2393 374 2445 ludos
387 2412 439 2445 uvae
451 2411 603 2446 commentor
612 2397 725 2445 habebat.
890 2385 935 2449 7⁸5

209 2472 275 2533 Quos
290 2489 345 2522 cum
358 2472 464 2525 taediferi
481 2490 544 2525 nunc
555 2476 629 2524 habet
642 2475 692 2539 ipse
710 2472 773 2524 Dea.

177 2546 261 2613 Ergo,
279 2560 305 2599 ut
320 2542 426 2599 tironum
439 2550 556 2599 celebrare
567 2551 701 2617 frequentia
713 2554 808 2617 potiit,

211 2626 267 2674 Visa
280 2624 329 2675 dies
337 2625 422 2677 dandae
430 2644 481 2676 non
491 2628 568 2678 aliena
578 2646 651 2695 togae.

179 2703 258 2762 Mite,
272 2704 341 2753 Pater
354 2742 362 2766 ‚
373 2721 442 2769 caput
456 2708 502 2754 huc
511 2741 519 2764 ,
529 2706 669 2773 placataque
680 2726 784 2771 cornua,
800 2725 886 2769 vertas

211 2780 242 2829 Et
262 2778 303 2829 des
318 2784 415 2845 ingenio
429 2782 482 2833 vela
501 2783 603 2835 secunda
616 2802 681 2835 meo.
887 2784 938 2833 790

179 2858 229 2909 Itur
239 2856 270 2907 ad
281 2858 368 2923 Argeos
378 2892 386 2917 ,
400 2859 410 2925 (
420 2864 462 2926 qui
472 2863 535 2923 sint,
546 2864 587 2911 sua
597 2863 770 2935 paginadicet)

212 2935 279 2991 Hac.
292 2940 311 2984 si
326 2940 482 2987 commemini
495 2974 502 2999 ,
519 2941 682 3007 praeteritique
693 2941 741 3003 die,

180 3012 252 3066 Stella
261 3012 407 3085 Lycaoniam
415 3018 493 3081 vergit
500 3018 614 3081 proclinir
624 3019 654 3069 ad
665 3022 753 3072 Atiion

211 3090 317 3143 Miluus:
332 3094 381 3147 hac
396 3092 440 3147 illa
450 3096 519 3145 node
528 3094 633 3148 videnda
642 3100 718 3150 venir.
