2325 3959
283 368 349 447 362
424 358 469 427 Pr
494 360 654 427 ¹Ot'rnrr
675 360 874 428 Nasonis
905 368 908 372 ’

310 468 403 517 Obruta
414 466 444 517 de
457 466 541 517 mediis
560 470 648 532 cymba
663 469 768 534 resurget
780 468 856 534 aquis.
912 509 917 516 .

277 546 347 595 Tunc
358 562 403 612 ego
415 561 467 595 tura
478 546 555 596 feram
563 544 653 611 rapidis
662 545 790 597 sollemnia
799 544 921 603 flammis3

229 646 259 693 ³0
309 625 354 685 Et,
367 624 462 675 valeant
473 641 591 691 quantum
601 628 718 679 numina,
730 624 793 675 testis
803 641 855 673 ero.

273 702 325 753 Nec
336 704 380 753 tibi
392 702 421 753 de
431 704 500 753 Pario
511 704 628 763 statuam,
640 704 799 760 Germanice,
808 699 930 767 ternplum

306 782 428 832 Marmore
441 800 447 830 ε
458 785 545 847 carpsit
556 798 613 847 opes
623 780 667 832 illa
676 783 745 831 ruina
754 796 829 829 meas.

272 856 375 922 Templa
387 856 473 907 domus
483 858 551 907 vobis
562 857 653 907 faciant
664 857 779 922 urbesque
790 858 865 904 beatae
879 871 888 905 ε

261 951 269 967 ²
303 936 369 987 Naso
379 936 425 984 suis
438 936 537 1001 opibus,
551 938 669 990 carmine,
681 949 760 1000 gratus
771 935 825 981 erit.

119 1066 122 1078 ‚
216 1013 250 1085 '35
270 1014 344 1063 Parva
355 1010 453 1079 quidem
464 1012 542 1061 fateor
550 1029 595 1077 pro
605 1016 698 1077 magnis
709 1028 808 1061 munera
817 1008 904 1070 reddi,

301 1090 367 1141 Ctim
377 1108 421 1155 pto
431 1090 542 1139 concessa
551 1092 623 1142 verba
633 1086 708 1140 salute
718 1088 812 1140 damus.

268 1165 989 1235 Sedqui,qudmpotuit,datmauima‚gratusabundeest·,

300 1248 331 1297 Et
341 1246 415 1297 finem
426 1246 500 1312 pietas
514 1250 617 1313 contigit
626 1246 670 1299 illa
680 1250 758 1296 suum.
768 1254 771 1259 “

267 1324 335 1384 Nec,
347 1342 400 1391 quae
413 1324 442 1375 de
453 1342 525 1391 parva
534 1324 580 1374 'Dis
591 1342 680 1391 pauper
690 1326 750 1375 libat
758 1325 854 1380 aceres,

217 1430 249 1472 40
299 1404 364 1453 Tura
371 1406 449 1452 minus
457 1440 465 1463 ,
474 1401 558 1469 grandi
569 1403 644 1469 quam
655 1402 711 1453 data
721 1404 791 1455 lance
800 1440 809 1465 ,
817 1404 910 1455 valent.

265 1480 395 1546 lignaque,
408 1496 458 1530 cam
470 1482 556 1530 lassent
567 1480 641 1547 quim
652 1485 761 1547 gramine
771 1482 835 1546 pasta
842 1482 953 1545 falisco,

297 1559 401 1608 Visiima
411 1560 526 1625 TarpeJos
537 1558 671 1609 inficit'ibla
682 1559 759 1609 focos.

263 1634 315 1685 Nec
332 1651 427 1692 tamen,
438 1636 520 1686 officio
532 1652 616 1688 vatum
630 1653 671 1703 per
682 1640 790 1688 carmina
803 1639 885 1700 facio,

295 1714 444 1779 Principibus
456 1732 491 1763 res
503 1715 535 1763 est
549 1720 640 1779 gratior
651 1716 774 1766 ullaviris.

212 1814 241 1861 45
262 1790 377 1843 Carmina
390 1792 519 1841 vestratum
531 1808 647 1859 peragunt
661 1799 779 1859 praconia
789 1794 906 1856 laudum

294 1869 361 1921 Neve
372 1872 401 1919 sit
413 1872 519 1920 assotum
534 1871 599 1923 fama
610 1869 718 1933 caduca,
730 1888 824 1922 cavent.
875 1914 877 1917 .

260 1948 375 2001 Carmine
385 1948 492 1999 fit'vivax
502 1952 576 1998 virtus
586 1968 594 2009 3
606 1966 734 2016 expersque
744 1951 845 2017 sepulcri
854 1980 864 2012 5

292 2027 413 2077 Notitiam
430 2029 484 2077 sera
502 2029 644 2093 posteritatis
660 2030 740 2078 habet.

260 2102 353 2154 Tabida
363 2106 484 2154 consumit
494 2104 584 2154 ferrum
596 2103 747 2172 lapidemque
757 2108 875 2164 vetustas,

212 2208 241 2255 50
292 2182 413 2250 Nullaque
426 2200 461 2232 res
474 2187 551 2248 majus
564 2197 671 2249 tempore
683 2185 757 2233 robur
769 2187 850 2235 habet.

258 2263 350 2326 Scripta
360 2262 440 2310 ferunt
451 2278 525 2311 annos
539 2281 544 2309 :
557 2262 649 2326 scriptis
659 2263 841 2327 Agamemnona
848 2264 929 2327 nosiie

286 2340 316 2387 Et
327 2342 432 2405 quisquis
445 2352 545 2399 contra,
556 2339 595 2388 vel
607 2340 695 2399 simul,
708 2358 773 2389 arma
784 2342 849 2391 tulit.

258 2417 317 2478 Quis
327 2417 421 2466 Thebas
433 2418 569 2482 septemque
581 2417 660 2466 Duces
670 2421 720 2467 sine
730 2423 835 2468 carmine
845 2418 946 2475 nollet!

289 2494 320 2542 Et
331 2487 447 2559 quicquid
456 2494 508 2557 post
518 2496 585 2554 haec,
599 2494 715 2561 quicquid
727 2499 751 2545 δι
762 2512 817 2546 ante
827 2498 890 2547 suit?

208 2599 235 2649 55
256 2571 290 2621 Di
301 2588 397 2638 quoque
406 2572 550 2642 carminibus
560 2607 569 2631 ‚
581 2575 601 2619 si
613 2572 648 2621 fas
659 2574 691 2623 est
701 2572 780 2625 dicere
791 2609 800 2631 ,
812 2574 891 2626 fiunt:

288 2650 413 2713 Tantaque
419 2649 530 2715 'maJestas
541 2666 582 2699 ote
593 2655 700 2700 canentis
710 2669 773 2718 eget.

256 2728 294 2776 Sic
305 2726 404 2793 (jhaos,
417 2744 445 2775 ex
456 2727 498 2776 illa
509 2742 598 2777 naturae
606 2730 672 2779 mole
682 2734 768 2796 prioris

287 2793 412 2868 Di‘gestum
421 2820 498 2869 partes
509 2808 597 2855 scimus
607 2808 693 2857 habete
704 2812 754 2860 sttas
765 2829 772 2859 t

252 2884 306 2935 sic,
317 2879 451 2930 affectantes
462 2882 565 2932 coeleslia
575 2901 662 2949 tegna,
674 2886 791 2953 Gigantas

284 2958 322 3009 Ad
333 2961 405 3024 Styga
415 2962 544 3011 nintbifeto
557 2961 658 3012 vindicis
669 2968 723 3029 igne
735 2965 813 3016 datos.

199 3015 231 3053 ⁶⁰
251 3040 289 3089 Sic
304 3040 379 3091 vision
394 3036 490 3089 laudem
507 3042 622 3107 superatis
635 3040 706 3092 Liber
722 3045 752 3094 ab
769 3044 850 3102 ludis,
