2325 3959
270 356 412 429 Emer.
436 357 727 431 trsPouuu-L.
748 359 817 429 IV.
847 366 910 448 361

143 487 148 497 ¹
218 522 899 595 ⁴=====Qfflhae===zffl

305 664 802 729 EPISTOLAVHL

292 893 302 900 „
384 826 705 889 'SUILLlQ

199 938 343 1055 Liseus
353 1003 404 1051 sera
414 999 512 1069 quidem
522 1037 530 1061 ‚
543 999 624 1053 studiis
636 1000 728 1052 exculte
736 998 822 1059 Suilli,

231 1084 286 1133 Huc
298 1096 338 1129 tua
349 1079 469 1145 pervinit,
481 1078 522 1131 sed
532 1083 592 1129 mihi
603 1097 671 1146 grata
680 1095 779 1129 tamen:

195 1158 255 1223 Qui
262 1194 271 1219 ,
283 1161 351 1223 prasi
365 1162 440 1223 possit
450 1160 551 1224 Superos
563 1160 637 1209 lenire
646 1156 756 1224 rogando

231 1240 329 1297 Gratia,
341 1236 446 1287 laturum
458 1252 481 1287 te
491 1240 553 1287 mihi
565 1236 624 1286 dicis
634 1254 716 1301 opem.

197 1316 235 1367 Ut
244 1320 294 1381 Jam
305 1314 339 1363 nil
348 1315 460 1379 praelles,
472 1317 545 1363 animi
556 1316 610 1363 sum
620 1314 694 1363 faiius
706 1315 776 1362 amici
936 1334 949 1379 5
1003 1319 1005 1324 '

232 1394 336 1441 Debitor
345 1410 352 1450 3
363 1396 388 1441 &
398 1396 529 1451 meritum,
539 1392 603 1441 velle
612 1396 709 1457 juvare,
719 1408 791 1440 voco.

195 1470 305 1537 Impetus
316 1470 357 1519 iste
370 1484 423 1519 tuus
432 1470 534 1535 longum
546 1467 623 1519 modi>
633 1468 703 1520 duret
713 1473 739 1519 in
751 1486 843 1528 aevum3

232 1549 300 1599 Neve
310 1549 379 1597 malis
389 1551 464 1613 pietas
473 1551 506 1595 ,sir
517 1563 558 1597 tua
569 1544 628 1597 laisa
638 1552 706 1597 meis.

196 1628 240 1678 ius
251 1624 351 1693 aliquod
362 1625 454 1675 faciunt
466 1623 546 1676 affinia
557 1625 654 1675 vincula
664 1626 748 1686 nobis,

231 1704 291 1765 Quae
301 1706 392 1769 semper
403 1719 515 1753 maneant
526 1704 679 1766 illabefalla,
691 1721 785 1769 precor.
920 1739 948 1774 ,ο

196 1783 263 1837 Nam
270 1785 319 1833 tibi
330 1798 382 1849 quae
395 1784 482 1848 conjux
492 1818 500 1843 ,
512 1780 597 1834 eadem
608 1785 668 1832 mihi
679 1782 729 1833 filia
736 1800 803 1849 pane
815 1784 861 1833 eli:
954 1805 958 1810 ¹

139 1913 144 1924 ¹
231 1860 263 1911 Et
273 1876 326 1927 quae
338 1874 360 1909 te
372 1877 503 1925 generum,
514 1877 553 1909 me
568 1876 641 1911 vocnt
651 1861 694 1909 illa
703 1865 792 1911 virum.

197 1940 245 1991 Hei
252 1938 329 1989 milri!
340 1941 359 1986 si
370 1938 434 1985 leiiis
444 1937 539 1987 vultum
554 1952 580 1986 tu
590 1938 697 1986 versibus
706 1938 754 1986 istis

231 2018 321 2076 Ducis,
334 2020 358 2065 δι
371 2014 466 2064 affinem
478 2028 503 2065 te
511 2013 585 2079 pudet
596 2010 642 2063 else
653 2032 744 2065 meum.

197 2098 230 2149 At
240 2096 301 2147 nihil
309 2093 349 2145 hic
361 2092 461 2158 dignum
472 2096 561 2157 poteris
572 2096 674 2157 reperire
685 2090 793 2157 pudore,
923 2126 949 2168 ¹5

231 2178 319 2227 Praeter
332 2175 477 2231 Fortunam,
489 2188 541 2237 quae
553 2173 614 2220 mihi
625 2187 688 2220 caeca
702 2170 757 2219 fuit.

198 2256 222 2305 Si
234 2270 308 2319 genus
319 2254 438 2309 excutias3
448 2250 562 2317 Equites,
573 2250 603 2299 'ab
613 2252 705 2314 origine
716 2245 794 2313 primi
801 2283 811 2309 ,

231 2331 312 2397 Usque
324 2347 366 2397 per
376 2333 514 2379 innumerus
524 2331 673 2378 inveniemur
684 2344 750 2378 avos.

198 2410 251 2461 Sive
263 2409 335 2464 velis,
346 2411 388 2474 qui
400 2410 461 2468 sint,
472 2424 550 2457 mores
561 2410 681 2474 inquirere
691 2407 801 2469 nostros5

231 2487 343 2537 Errorem
353 2490 440 2535 misero
451 2484 563 2545 detrahe,
575 2486 726 2537 labecarent.
919 2506 948 2538 20

198 2563 238 2611 Tu
249 2560 340 2621 modis,
354 2565 373 2609 si
383 2560 442 2626 quid
452 2565 491 2624 agi
502 2563 604 2624 sperabis
614 2560 680 2625 polle
690 2562 826 2626 precando,

232 2640 298 2699 Quos
310 2636 384 2697 colis,
397 2654 467 2686 exora
477 2636 582 2701 supplice
592 2655 652 2687 voce
663 2638 744 2693 Deos,

199 2715 234 2767 Di
244 2716 289 2765 tibi
303 2716 358 2763 sunt
368 2714 448 2765 Caesar
459 2716 550 2779 juvenis
562 2732 568 2763 ε
581 2729 623 2764 tua
631 2718 731 2764 numina
740 2716 817 2781 placa.

231 2794 283 2845 Hac
297 2791 359 2841 cerri
368 2792 436 2841 nulla
445 2792 477 2841 est
487 2795 568 2842 notior
580 2808 619 2842 ara
630 2794 683 2843 ribi.

197 2872 256 2925 Non
267 2875 323 2921 sinit
331 2870 373 2921 illa
383 2872 418 2919 sui
428 2886 499 2920 vanas
510 2871 619 2921 antistitis
634 2886 749 2937 umquam
916 2904 942 2952 ²5

224 2948 278 2999 Effe
289 2966 368 3013 preces
379 2967 385 2997 ι
396 2948 480 2997 nostris
491 2950 547 2997 hinc
557 2964 611 3013 pete
622 2950 690 2998 rebus
702 2966 783 3015 opem.

199 3027 340 3089 Quamlibet
351 3027 435 3098 exigui
447 3029 466 3076 si
477 3044 520 3077 nor
531 3044 558 3078 ea
567 3031 655 3094 juverit
665 3028 738 3089 aursi,
799 3040 804 3045 ·

238 3104 326 3155 Tamus
344 3102 396 3155 Ill.
741 3102 768 3173 Q
