2325 3959
264 396 328 478 318
404 388 447 459 P.
474 390 631 459 Ovrorr
646 395 841 461 NAsours

291 512 335 559 Per
348 522 481 577 numquam
498 512 581 563 surdos
599 517 625 564 in
643 529 683 565 tua
699 530 756 566 vota
772 514 863 571 Deos,

259 588 349 653 Perque
367 593 414 639 toti
430 591 536 647 sociam,
556 609 611 658 quae
629 610 671 659 par
687 595 731 642 tibi
748 594 798 641 sola
815 602 926 656 reperta
946 588 1011 651 est,

213 690 243 735 3⁰
296 666 327 715 Et
343 669 382 716 cui
402 668 510 733 majestat
530 686 581 719 non
600 672 699 720 onerosa
715 686 755 720 tua
771 670 820 728 est,

259 745 350 809 Perque
370 746 416 793 tibi
432 747 536 797 similem
551 750 646 797 virtutis
661 752 765 813 imagine
781 762 887 801 natum,

291 821 402 870 Moribus
421 823 518 887 agnosci
537 828 579 889 qui
595 839 647 873 tuus
663 821 708 874 effe
725 824 818 889 potest,

258 898 349 965 Perque
359 913 413 949 tuot
424 900 462 952 vel
477 918 523 951 avo
533 902 572 951 vei
583 900 668 966 dignos
681 917 745 967 patre
758 916 877 965 nepotes,

291 975 340 1037 Qui
351 980 450 1028 veniunt
464 994 553 1042 magno
565 996 605 1044 per
617 994 657 1028 tua
667 994 724 1029 vota
734 977 825 1044 gradu,

213 1076 239 1121 35
259 1055 328 1105 Parte
344 1056 398 1105 leva
411 1057 513 1104 minimi
528 1056 618 1107 nostrat
634 1060 658 1107 δι
673 1060 786 1107 contrahe
801 1070 905 1121 poenat5

291 1131 395 1196 Daque,
410 1131 495 1196 procul
510 1134 623 1194 Scythico
641 1137 683 1199 qui
698 1135 728 1182 tit
742 1134 771 1181 ab
787 1132 869 1192 hoste,
882 1132 994 1182 locum·

258 1207 291 1257 Et
301 1223 354 1266 tua,
365 1211 386 1257 si
396 1208 431 1258 fas
442 1209 489 1269 eii,
500 1226 516 1258 a
526 1208 620 1260 Cesare
630 1213 738 1275 proxime
747 1209 840 1269 Caesar,

293 1286 399 1335 Numina
410 1289 458 1336 sint
468 1288 576 1352 precibus
585 1304 635 1338 non
645 1292 744 1337 inimica
757 1290 825 1336 meis.

259 1362 297 1408 Sic
312 1359 362 1409 fera
377 1360 452 1426 quim
468 1361 574 1426 ptimiun
590 1362 678 1427 pavido
695 1364 822 1413 Germania
838 1360 914 1413 vultu

210 1458 243 1501 40
291 1437 353 1487 Ante
371 1441 543 1504 triurnphantes
558 1443 625 1491 serva
640 1441 729 1490 feratur
742 1456 823 1506 equos.

259 1514 298 1563 Sic
310 1520 414 1581 paterio
425 1518 522 1579 Pylios,
538 1517 651 1568 Cumaot
666 1534 743 1568 mater
760 1522 786 1569 in
805 1532 882 1567 annot

291 1594 401 1654 Vivant,
419 1599 445 1644 dt
463 1599 537 1660 portis
553 1595 616 1645 filius
632 1594 678 1647 eise
694 1596 743 1646 diu.

260 1670 299 1719 Tu
315 1688 431 1737 quoque,
447 1677 591 1723 conveniens
608 1678 700 1739 ingenti
715 1689 789 1739 nupta
805 1673 917 1732 marito,

290 1748 379 1813 Accipe
389 1766 441 1799 non
453 1748 515 1799 duri
528 1751 640 1815 supplicis
657 1768 713 1803 aure
730 1767 817 1817 preces.

210 1849 237 1898 45
259 1827 296 1874 Sic
316 1826 361 1875 tibi
377 1828 413 1877 vir
427 1828 505 1893 sospes
511 1862 520 1888 ,
533 1832 567 1877 sic
586 1832 706 1879 tintcum
722 1830 788 1896 prole
804 1842 922 1891 nepotes,
953 1840 959 1845 ·

291 1904 406 1971 Cumque
423 1906 492 1955 bonit
509 1908 608 1955 nuribus
625 1924 683 1973 quas
699 1924 806 1973 peperere
823 1920 906 1953 nurus.

259 1985 315 2042 Sic,
334 2001 407 2049 quem
423 1982 474 2033 dira
489 1986 534 2033 tibi
551 1988 629 2049 rapuit
648 1987 795 2043 Germania,
817 1982 909 2031 Drusus

292 2062 347 2109 Pars
362 2062 433 2111 fuerit
447 2062 526 2127 partire
540 2063 592 2111 sola
609 2062 698 2112 caduca
715 2067 758 2111 tui.

259 2142 296 2188 Sic
318 2142 363 2189 tibi
380 2142 459 2190 Marte
473 2143 516 2189 suo
525 2176 534 2200 ,
551 2142 649 2190 fraterni
664 2141 754 2190 funeris
770 2140 854 2199 ultor,

213 2241 241 2284 50
292 2218 424 2281 Purpureus
441 2222 515 2267 niveit
533 2218 597 2267 filius
614 2219 684 2269 instet
702 2221 778 2284 equit.

259 2295 363 2344 Annuite
377 2297 411 2346 o!
430 2295 522 2345 timidis
538 2300 664 2345 mitissima
678 2300 777 2345 numine
790 2297 873 2345 votis:

292 2374 417 2423 Ptaesentes
432 2372 524 2439 aliquid
540 2377 615 2437 prosit
631 2375 716 2423 habere
732 2374 815 2423 Deos!

259 2449 359 2500 Castris
376 2449 496 2507 adventu,
518 2450 570 2499 toti
587 2450 707 2515 gladiator
723 2451 794 2501 areni

291 2528 367 2586 Exit5
389 2532 415 2578 δι
430 2528 546 2577 auxilium
561 2544 613 2577 non
627 2530 678 2579 leve
697 2531 777 2580 vultus
793 2529 874 2577 habet.

215 2618 240 2664 55
261 2605 312 2654 Nos
321 2623 417 2672 quoque
427 2606 501 2658 vestra
511 2611 577 2671 juvet
588 2606 720 2673 quod,qui
727 2608 794 2666 lieet,
803 2603 972 2657 oravidemt'tt!

292 2686 382 2735 Intrata
392 2686 425 2734 est
435 2688 527 2749 Superis
537 2684 604 2751 quod
614 2683 700 2735 domus
716 2702 762 2734 una
776 2686 860 2734 tribus.

260 2764 349 2814 Pelices
359 2764 412 2812 ilii!
428 2764 529 2829 quinon
542 2763 682 2819 simulacra,
695 2762 733 2813 sed
745 2765 825 2828 ipsos,

292 2842 387 2907 Quique
404 2841 484 2891 Derim
501 2857 583 2891 eoram
599 2857 699 2906 corpora
716 2858 771 2890 vera
785 2839 877 2891 vident.

261 2918 334 2982 Quod
343 2922 459 2985 quoniam
468 2919 537 2968 nobit
547 2918 636 2969 invidit
648 2917 733 2968 inutile
748 2918 842 2976 fatum,

213 3000 245 3042 60
294 2998 361 3058 Quos
371 2994 439 3047 dedit
451 3012 488 3046 are
499 2999 576 3056 votis,
587 2995 753 3062 effigiemque,
772 2995 837 3043 colo.

263 3080 300 3125 Sit
313 3077 423 3125 homines
431 3090 518 3140 novere
529 3073 615 3139 Deos,
631 3090 692 3141 quos
704 3072 790 3125 ardum
800 3074 874 3125 ether
