2325 3959
260 421 328 482 320
399 401 442 467 P.
470 403 625 469 Ournrr
652 406 852 473 NAsoura

255 518 384 569 fortunam
401 520 470 571 decet
483 525 529 572 hoc
544 525 611 573 istam
628 544 634 572 ε
650 542 702 591 quae
714 529 821 575 maxima
833 525 897 575 culm
911 525 947 573 sit
955 557 966 583 ,

286 594 340 646 Effe
349 599 425 662 potest
435 603 516 649 animo
525 605 566 651 vix
578 616 658 651 tamen
669 620 735 668 aequa
746 618 797 652 tuo.

212 677 237 726 ¹5
257 671 412 738 Conspicitur
425 694 557 744 numquam
571 681 671 729 meliore
681 685 787 745 potentia
800 680 900 740 causi,

288 750 371 811 Quam
386 759 480 819 quoties
494 772 565 808 vanas
580 774 631 806 non
649 760 705 807 sinit
719 755 766 806 else
781 774 877 822 preces.

256 827 310 876 Hoc
330 834 395 880 nitor
410 832 452 881 ille
470 837 505 882 tui
523 839 614 899 generis
635 833 756 884 desiderat
766 854 773 883 ι
785 838 834 883 hoc
847 835 885 883 est

288 905 310 955 A
331 909 424 973 Superis
441 926 501 960 orte
519 912 654 962 nobilitatis
670 926 738 977 opus.

256 982 311 1033 Hoc
329 985 374 1034 tibi
391 989 416 1035 δι
433 986 564 1051 Eumolpus
579 1024 587 1048 ,
604 992 694 1053 generis
715 989 861 1037 clarissimus
879 992 993 1050 auctor,

209 1063 241 1095 ²⁰
287 1060 318 1110 Et
329 1096 336 1120 ‚
347 1064 411 1126 prior
425 1063 562 1128 Eumolpo,
581 1063 664 1115 suadet
683 1066 866 1115 Erichthonius.

256 1138 310 1188 Hoc
320 1153 400 1188 tecum
411 1156 541 1191 commune
551 1142 606 1191 Deo
623 1160 629 1191 t
646 1142 713 1208 quod
728 1158 826 1208 uterque
843 1146 957 1208 rogati,

288 1216 438 1281 Supplicibus
453 1220 533 1268 vestris
550 1220 612 1269 ferre
630 1222 711 1269 soletis
724 1236 806 1285 opem.

256 1293 383 1360 Numquid
393 1300 438 1346 erit
447 1332 455 1357 ,
465 1313 536 1362 quare
547 1298 620 1347 solito
632 1297 759 1362 dignemur
769 1301 864 1347 honore

288 1368 413 1431 Numina,
429 1375 448 1420 si
461 1371 543 1421 demas
552 1373 615 1422 velle
627 1378 708 1437 juvate
719 1373 797 1422 Deos?

139 1475 141 1478 ·
210 1457 238 1502 ²5
256 1447 364 1513 luppiter
378 1452 457 1498 oranti
473 1448 554 1498 surdas
571 1453 590 1498 ti
606 1451 709 1515 praebeat
721 1466 804 1509 aures,

289 1526 394 1574 Victima
409 1542 455 1592 pro
469 1528 560 1591 templo
578 1544 620 1575 cur
639 1526 710 1577 cadat
725 1530 769 1577 ista
784 1528 870 1575 lovis?

256 1604 282 1652 si
297 1618 381 1666 pacem
395 1603 490 1654 nullam
507 1606 596 1654 Pontus
614 1608 675 1654 mihi
694 1606 785 1670 prestet
803 1608 870 1653 eunti
879 1639 890 1667 ‚

289 1680 358 1729 lrrita
376 1680 490 1744 Neptuno
509 1698 550 1729 cur
565 1699 611 1749 ego
632 1696 683 1731 tura
700 1682 794 1731 ferum?

256 1757 325 1805 Vana
340 1757 469 1806 laborantia
487 1763 506 1806 si
522 1759 592 1808 sallat
609 1774 667 1810 vota
685 1762 780 1819 coloni,

211 1849 240 1895 30
289 1836 397 1898 Accipiat
411 1834 515 1899 gravida
531 1852 574 1887 cur
587 1838 634 1887 suis
652 1853 725 1898 exta,
743 1837 833 1888 Ceres?

256 1911 308 1961 Nec
327 1910 395 1961 dabit
414 1916 511 1963 intonso
530 1915 640 1980 jugulum
657 1932 726 1981 caper
744 1916 818 1964 hostia
836 1914 936 1966 Baccho
942 1934 957 1979 5

288 1990 367 2039 Mulla
385 1993 428 2040 sub
446 1990 548 2040 adduiio
567 1996 586 2041 si
602 1992 662 2057 pede
680 1995 746 2043 nulla
765 1993 848 2043 fluant.

257 2066 337 2115 Caesar
356 2085 383 2116 uc
399 2072 492 2133 imperii
512 2068 651 2119 moderetur
672 2072 755 2127 frena,
774 2089 915 2137 precamur,

289 2144 351 2193 Tam
373 2147 432 2193 bene
447 2164 496 2211 quo
511 2152 592 2212 patriae
608 2149 713 2197 consulit
728 2148 769 2197 ille
784 2151 839 2198 suae.

114 2252 116 2256 -
210 2236 236 2279 35
258 2221 354 2271 Utilitas
373 2227 446 2288 igitur
464 2241 564 2289 magnos
584 2228 739 2292 hominesque
756 2227 870 2292 Deosque

289 2298 368 2349 Efficit
379 2318 388 2359 3
401 2301 494 2349 auxiliis
505 2318 602 2367 quoque
616 2303 710 2353 favente
726 2305 772 2352 suis

256 2377 295 2426 Tu
308 2393 404 2442 quoque
420 2377 459 2425 fac
475 2383 550 2441 protis
567 2382 632 2428 intra
653 2396 694 2430 tua
713 2381 785 2430 castra
806 2384 913 2445 jacenti,

288 2455 311 2501 O
330 2454 412 2516 Coty!
431 2460 555 2518 progenies
574 2456 646 2521 digna
664 2474 761 2522 parente
777 2474 829 2508 tuo.

256 2532 408 2582 Conveniens
423 2534 517 2581 homini
527 2534 578 2591 est,
591 2538 716 2585 hominem
727 2539 830 2597 serrare,
841 2540 956 2604 voluptas
967 2562 977 2593 a

209 2627 240 2672 40
290 2611 320 2658 Et
340 2610 425 2659 melitis
441 2610 509 2659 nulli
526 2614 639 2677 queritur
657 2630 705 2663 arte
722 2613 797 2663 favor.

245 2689 317 2751 'Quis
327 2639 376 2736 hon
388 2688 531 2752 Antiphaten
545 2691 688 2755 Laestrigona
700 2692 817 2744 devovet?
827 2708 869 2742 aut
884 2700 939 2760 quis

187 2789 191 2795 ·
289 2765 399 2815 Munihci
410 2784 486 2815 moret
497 2770 617 2832 improbat
628 2770 741 2821 Alcinoi?

257 2840 315 2889 Non
326 2842 369 2889 tibi
383 2839 539 2891 Caffandreus
550 2857 616 2906 pater
628 2844 672 2903 est,
688 2847 793 2907 gentisve
804 2846 922 2905 Plrerte23

290 2918 368 2978 Quive
385 2935 528 2982 repertorem
547 2923 633 2969 torruit
649 2936 698 2970 arte
715 2922 755 2971 sui
776 2940 783 2970 r

208 3015 238 3064 45
258 2994 303 3047 Sed
320 2996 393 3061 quim
411 2997 489 3043 Marte
507 2996 591 3056 ferox,
611 3002 635 3047 δι
650 3003 713 3049 vinci
730 3001 821 3049 nescius
836 3004 928 3065 armis,

290 3076 353 3126 Tam
368 3090 519 3140 numquam.
539 3076 602 3127 faut
618 3094 694 3143 pace,
714 3081 917 3137 cruorisamaus.
