2325 3959
243 423 384 491 Errrr.
410 437 467 489 nx
489 419 707 489 Pom-ort.
728 424 758 489 Ι.
788 422 854 519 285

174 539 371 608 Thessaliamque
389 539 465 601 adiit,
483 542 568 605 hospes
582 540 697 601 Achillis,
714 543 823 591 humum.

135 617 216 667 Exsul
233 622 264 669 ab
274 621 401 685 Haemonia
414 616 523 668 Pirenida
538 622 607 667 cessit
622 616 653 668 ad
664 616 771 677 undum,
873 629 901 677 75

174 696 234 757 Quo
245 695 323 757 duce,
335 698 400 746 trabs
413 696 518 747 Colchas
526 698 701 746 sacracueurrit
708 712 779 761 aquas
789 730 800 753 ,

138 772 229 838 Liquit
239 773 385 839 Agenorides
396 772 494 823 Sidonia
503 776 593 822 munia
606 770 714 823 Cadmus
723 807 732 827 ‚
804 777 807 782 '

175 851 280 902 Poneret
290 866 317 901 ut
327 868 409 901 muros
419 854 445 900 in
455 850 554 900 meliore
566 850 631 898 loco.

137 926 219 977 Venit
235 925 266 977 ad
281 926 406 978 Adrastum
421 926 518 999 Tydeus
531 962 540 987 ,
553 925 682 989 Calydone
698 924 809 989 fugatus3

174 1006 209 1055 Et
219 1008 340 1058 Teucrum
351 1008 438 1058 Veneri
452 1022 519 1072 grata
529 1010 618 1071 recepit
629 1008 724 1056 humus.
876 1000 907 1047 80

139 1082 210 1146 Quid
225 1084 327 1136 reseram
334 1102 424 1136 veteres
435 1086 550 1134 Romane
556 1087 649 1150 gentis,
661 1080 725 1149 apud
733 1098 793 1147 quos

173 1161 301 1212 Exsulibus
314 1163 385 1213 tellus
400 1163 486 1211 ultima
496 1164 571 1211 Tibur
582 1168 649 1213 erati

139 1238 272 1305 Persequar
289 1256 316 1289 ut
325 1243 438 1297 tunsios3
450 1240 512 1289 nulli
520 1238 590 1290 datus
601 1238 712 1288 omnibus
723 1239 778 1285 aevis
854 1252 857 1261 ’

175 1317 240 1366 Tam
249 1318 335 1382 procul
349 1334 363 1366 a
373 1317 448 1381 patrii
456 1317 503 1370 est,
513 1314 662 1365 horridiorve
672 1349 680 1373 ,
696 1314 773 1363 lotus.

140 1391 200 1455 Quo
208 1397 283 1458 magis
293 1396 402 1459 ignoscat
411 1394 526 1458 sapientia
534 1393 609 1442 vestra
622 1390 715 1441 dolenti
727 1425 736 1451 ‚
876 1390 903 1451 ὃς

175 1470 226 1531 Qui
237 1470 295 1521 sicit
304 1486 333 1519 ex
344 1470 412 1519 diuis
421 1486 471 1520 non
480 1473 514 1518 lta
524 1470 601 1519 multa
614 1471 668 1518 tuis.

139 1544 195 1597 Nec
210 1564 291 1597 tamen
305 1547 417 1609 inficior,
432 1551 451 1597 si
466 1550 559 1613 possint
571 1548 649 1597 uollra
660 1550 726 1596 coire

175 1625 303 1687 Vulnera,
320 1628 441 1692 preceptis
456 1622 522 1691 posse
539 1631 608 1674 coire
624 1628 681 1675 tuis.

141 1696 190 1749 Sed
207 1715 308 1755 vereor,
322 1715 401 1752 neme
413 1699 497 1749 frustra
508 1701 599 1750 servare
611 1699 722 1754 laborent

175 1775 229 1826 Neu
247 1780 313 1842 juvet
324 1776 424 1862 adpsoti
436 1775 543 1844 perditus
555 1793 617 1842 aeger
630 1793 685 1842 ope.
874 1796 906 1841 50

142 1851 196 1903 Nec
207 1853 294 1922 loquor
304 1856 353 1904 hec
365 1890 374 1915 ‚
390 1857 448 1921 quia
465 1858 497 1904 sit
512 1858 590 1919 major
601 1852 726 1919 prudentia
736 1853 823 1914 nobis-3

176 1928 223 1979 Sed
232 1934 295 1989 rim,
306 1949 379 1998 quam
389 1930 500 1985 medico.
514 1934 595 1981 notior
609 1932 657 1995 ipse
672 1933 742 1979 mihi.

143 2004 179 2055 Ut
191 2003 271 2058 tamen
281 2009 328 2057 hoc
339 2012 373 2057 ita
383 2012 429 2063 sit,
446 2022 532 2056 munus
544 2022 584 2055 tua
598 2006 686 2071 grande
697 2008 809 2057 voluutas

178 2080 217 2133 Ad
227 2100 267 2132 me
277 2088 401 2148 pertenit,
411 2074 590 2149 consuliturque
599 2086 666 2133 boni.

289 2356 712 2430 EPISTOLAlV.

388 2479 614 2547 UXORI.

147 2570 232 2695 Jlsl
253 2638 313 2687 milri
330 2637 433 2688 deterior
443 2642 508 2690 canis
523 2638 670 2705 adspergitur
684 2654 759 2701 κως

177 2715 277 2781 Jamque
288 2732 355 2764 meos
363 2717 443 2765 vultus
451 2733 509 2782 ruga
521 2717 599 2765 senilis
611 2733 676 2776 παις

145 2793 196 2842 lans
205 2783 291 2858 vigor,
304 2798 329 2843 δι
341 2791 424 2860 quasso
441 2794 556 2859 languent
573 2796 598 2843 in
612 2810 712 2860 corpore
722 2800 799 2857 vireu

178 2872 245 2930 Nec,
258 2875 339 2937 juveni
350 2872 413 2920 lusus
423 2875 464 2936 qui
474 2871 598 2935 placuere,
610 2872 713 2937 placent.

147 2947 198 2998 Nec
214 2952 232 2997 si
244 2966 281 2997 rue
294 2950 373 2999 subitis
382 2947 480 3003 videas,
490 2951 617 3013 agnoscere
628 2954 701 3015 possis
713 2970 720 3004 r

180 3025 264 3075 AEtatis
276 3026 339 3076 falia
352 3026 384 3075 est
397 3042 463 3076 tanta
472 3029 540 3075 ruina
554 3044 624 3076 meae.

148 3100 272 3156 Confiteor
280 3091 417 3159 sacerehec
426 3119 501 3155 annos
513 3123 520 3153 r
532 3102 574 3156 sed
585 3108 611 3157 δι
622 3105 696 3157 altera
707 3109 777 3157 clusa
788 3107 838 3168 eli,
900 3070 904 3080 ¹

857 2958 885 3032 'r
