2325 3959
279 433 347 504 ²30
407 409 450 482 P.
476 411 630 480 Ovrnrr
654 407 849 480 ursolus

230 547 260 590 30
310 537 340 585 Et
349 552 443 592 carmen
452 531 548 583 <lemene
557 569 564 592 ,
581 537 686 583 carmine
695 525 777 594 lalus,
788 544 854 583 anio.

274 615 312 663 Sic
323 630 385 662 nova
396 611 512 662 Dulichio
523 612 588 661 lotor
597 612 688 676 gustata
698 611 795 676 palato,

306 689 370 749 illo,
382 707 432 756 quo
441 693 540 748 nocuit,
555 706 622 755 grata
637 691 719 754 sapore
735 690 790 738 fuit.

274 767 350 817 Sentit
360 785 442 818 amans
454 770 494 818 sua
506 766 594 818 damna
609 766 673 826 ieri,
685 782 766 818 tamen
778 769 851 817 heret
860 770 885 817 in
898 765 966 826 illisa

305 846 433 897 Materiam
443 846 519 911 culpae
529 847 724 911 persequiturque
734 847 789 894 iuae.

227 937 252 988 ες
275 922 324 973 Nor
335 929 431 990 quoqne
441 923 560 974 delecianc
571 958 579 981 ‚
592 926 702 989 quamvis
711 939 830 982 nocuere,
843 923 939 973 libellie

306 1000 425 1067 Quodque
435 1005 495 1051 mihi
512 1001 589 1050 telum
599 1001 698 1052 vulnera
710 1002 785 1061 fecit,
797 1019 863 1051 arno.

273 1081 380 1130 Forsitan
389 1085 436 1130 hoc
447 1078 550 1129 studium
567 1083 643 1144 possit
653 1079 721 1128 furor
731 1075 778 1128 effe
788 1077 865 1127 videti
876 1097 883 1126 :

304 1156 350 1207 Sed
365 1155 481 1223 quiddam
492 1156 558 1206 furor
574 1159 614 1205 hlc
626 1157 737 1208 utilitatis
748 1158 829 1206 habet.

271 1237 367 1301 Semper
377 1240 402 1284 in
415 1237 502 1286 obtutu
512 1251 619 1284 mentem
629 1251 695 1286 vetat
704 1233 751 1285 effe
761 1235 880 1284 malorum
891 1252 901 1293 3

223 1339 255 1382 40
304 1313 424 1362 Praesentis
435 1314 500 1362 casus
511 1317 727 1379 immemoremque
740 1311 809 1363 iacit.

271 1389 351 1456 thue
363 1393 429 1440 suum
441 1392 537 1443 Bacchis
548 1407 599 1440 non
606 1393 678 1441 sentit
684 1393 763 1440 sancia
771 1390 871 1450 vulnus,

303 1465 369 1514 Dum
380 1466 455 1530 stupet
466 1465 557 1515 Edonis
567 1465 688 1515 exululata
695 1469 772 1530 jugis,

270 1543 322 1600 Sic,
335 1544 375 1591 ubi
386 1559 453 1593 mota
461 1543 539 1592 calent
547 1542 621 1593 viridi
632 1560 687 1592 mea
697 1547 791 1608 pedore
802 1543 882 1605 thyrso
892 1575 903 1601 ,

302 1619 379 1668 Altior
389 1623 495 1671 humano
509 1622 605 1686 spiritur
619 1622 661 1670 ille
672 1621 738 1670 malo
750 1621 792 1670 est.

222 1717 249 1760 45
270 1695 314 1745 llle
324 1713 367 1745 nec
379 1697 505 1755 exsilium,
517 1700 623 1760 Scythici
635 1714 678 1746 nec
686 1698 759 1748 litora
768 1701 855 1763 ponti,

302 1774 345 1823 llle
355 1790 399 1822 nec
414 1778 488 1823 iratos
498 1777 570 1824 sentit
578 1771 658 1824 adell'e
668 1776 745 1826 Deoe.

268 1850 349 1916 thue
361 1851 497 1915 soporifera
507 1852 614 1901 biberem
624 1855 644 1901 ri
656 1853 745 1917 pocula
752 1853 851 1914 Lethes,

301 1929 427 1992 Temporis
438 1927 530 1979 adversi
541 1933 574 1980 cic
585 1933 647 1980 mihi
659 1932 739 1980 ieniur
749 1932 828 1981 hebet.

267 2004 322 2055 iure
332 2006 393 2056 Deae
402 2009 474 2071 igitur
484 2024 584 2058 veneror
592 2007 659 2058 mala
670 2009 750 2058 nostra
757 2009 876 2066 levantes,
936 2064 940 2071 ,

222 2099 251 2142 5⁰
300 2083 404 2133 Solicitae
417 2089 517 2135 comites
529 2101 557 2134 ex
568 2086 686 2136 Helicone
697 2087 759 2152 fngae
771 2106 777 2136 :

267 2159 298 2209 Et
312 2166 397 2226 partim
408 2163 509 2228 pelago,
523 2167 611 2228 partim
622 2165 719 2229 vestigia
732 2165 794 2214 terri

299 2239 345 2287 Vel
356 2255 404 2289 rate
412 2239 540 2306 dignatas,
551 2242 590 2292 vel
597 2240 658 2307 pede
665 2244 744 2292 nostra
752 2245 827 2309 sequi.

266 2318 318 2366 Sint
330 2335 413 2382 precor
425 2320 462 2368 hae
473 2319 556 2369 saltem
569 2319 652 2369 faciles
659 2323 720 2370 mihi
730 2337 848 2387 tuamque
857 2321 972 2376 Deorum

298 2395 385 2445 Cetera
395 2413 450 2445 cum
463 2413 553 2462 magno
563 2397 659 2448 Cesare
670 2401 738 2448 turba
750 2399 816 2449 facit.

220 2481 245 2529 55
265 2473 353 2540 Meque
365 2489 402 2536 tot
410 2474 512 2526 adversis
521 2475 731 2542 cumulant‚quoc
742 2477 799 2527 litus
808 2494 906 2537 arenas,

297 2552 410 2618 Quotque
421 2552 509 2602 fretum
519 2554 610 2618 pisces,
621 2570 715 2620 ovaque
726 2556 795 2619 piscis
804 2557 886 2606 habet·

264 2631 325 2681 Vere
336 2631 399 2696 pride
410 2631 500 2691 flores,
515 2632 570 2682 astu
582 2635 718 2682 numerabit
731 2633 831 2694 arillae,

297 2710 372 2758 Poma
382 2727 424 2775 per
434 2725 575 2760 autumnum
586 2710 779 2776 ,frigoribusque
790 2713 869 2761 nives:

265 2785 347 2847 Quim
356 2789 436 2848 mala,
447 2805 501 2854 que
511 2803 565 2839 toto
577 2792 655 2853 patior
665 2791 764 2854 jaciatur
773 2792 800 2837 in
809 2790 883 2845 orbe,

220 2871 251 2910 ιο
299 2865 366 2914 Dum
380 2869 450 2916 miser
461 2868 546 2917 Euxini
559 2866 699 2918 litoralaeva
710 2881 775 2932 peto.

267 2941 318 2994 Nec
335 2957 434 3005 tamen,
446 2947 551 3006 urveni,
565 2945 643 2996 levior
652 2944 750 2995 fortuna
757 2944 877 2995 malorum
885 2944 929 2994 esta

299 3021 352 3072 Huc
360 3038 457 3088 quoque
467 3023 521 3072 sum
531 3023 621 3073 noſtrae
632 3023 682 3072 fata
692 3025 770 3073 secuta
779 3027 839 3074 viar.

267 3099 313 3151 liic
330 3115 426 3188 quoqne
435 3102 555 3168 cognosco
565 3102 651 3152 natalie
664 3101 763 3153 stamina
773 3101 864 3163 noiiri5
