2325 3959
465 445 636 515 Iura.
837 461 898 533 395

225 566 259 619 Ut
269 570 330 619 latus
341 568 487 635 Hipponoo,
499 568 676 633 Dosithoc'sque
685 578 774 631 pater:
904 578 955 623 470

145 653 150 658 ’
191 646 227 697 Ut
240 650 307 697 soror
322 650 459 706 Autonoes,
474 662 501 696 ut
516 650 555 696 cui
572 660 698 695 matertera
712 645 779 710 Maja
793 643 847 692 est:
904 675 907 684 ι

226 725 261 774 Ut
276 724 362 774 temeri
380 738 474 790 optatos
490 728 532 790 qui
548 722 611 773 maid
625 726 685 772 rexit
701 738 784 788 equos.

190 801 227 850 Ut
237 801 300 851 ferus
313 801 434 857 li‘olidet,
449 815 475 851 ut
487 804 600 867 sanguine
611 814 688 850 cretus
706 799 808 853 eodem,

226 878 281 939 Quo
293 882 373 943 genita
383 880 432 938 est,
444 877 540 945 liquidis
551 895 604 945 quae
614 893 679 928 caret
690 879 772 927 Ardlos
781 882 858 942 aquis.

137 949 140 954 ¹
192 956 229 1006 Ut
239 955 342 1007 Macedo
352 956 439 1023 rapidis
449 960 494 1007 itta
504 958 536 1007 eli
546 974 602 1007 cum
612 961 715 1023 conjuge
726 956 844 1015 flammis,
908 975 954 1020 475

225 1037 280 1094 Sic,
297 1051 396 1100 precor,
409 1038 505 1085 aetherei
522 1032 624 1085 vindicis
637 1038 692 1099 igne
704 1032 784 1086 cadas.

192 1111 304 1162 Praedave
315 1114 422 1173 cirillia,
433 1114 517 1179 quibus
532 1112 564 1161 est
579 1112 680 1162 Latonia
694 1111 786 1172 Delos,

225 1192 287 1241 Ante
302 1189 367 1241 diem
380 1208 465 1257 rapto,
478 1206 528 1240 non
539 1189 662 1247 adeunda,
674 1191 765 1239 Thaso·

194 1268 289 1333 Quique
301 1266 438 1318 verecunda
454 1266 615 1332 speculantem
627 1268 693 1316 labra
704 1267 806 1323 Diana,

227 1345 321 1411 Quique
336 1344 501 1411 Crotopiaden
519 1343 635 1410 diripuere
651 1346 737 1394 iinon.
909 1339 957 1402 480

193 1421 261 1471 Neve
272 1438 388 1472 venenato
406 1422 479 1472 levitis
492 1422 583 1471 feriaris
598 1423 629 1471 ab
643 1438 736 1487 angue,

226 1499 307 1560 Quina
319 1502 378 1549 senia
389 1500 468 1565 OEagri
479 1498 649 1565 Calliopesque
660 1514 750 1555 numu

194 1576 276 1637 Qudm
290 1592 347 1641 puer
359 1576 501 1641 Hypsipyles
513 1596 518 1625 ι
531 1578 607 1642 quim
618 1580 660 1643 qui
670 1592 727 1627 cava
737 1577 828 1641 primus
839 1577 909 1624 acuti

228 1652 334 1720 Cuspide
344 1657 442 1718 suspedii
453 1656 540 1704 robora
549 1654 602 1704 fixit
614 1657 679 1721 equi.
767 1664 771 1670 '

190 1730 262 1781 Neve
277 1730 362 1797 gradus
379 1729 447 1779 adeas
460 1732 576 1797 Elpenore
587 1731 678 1781 cautitls
687 1730 767 1789 altore
909 1746 955 1806 435

229 1809 333 1874 Vimque
345 1808 404 1857 feras
415 1810 480 1863 uini,
492 1824 541 1874 quo
553 1808 609 1857 tulit
618 1808 660 1857 ille
671 1808 756 1857 modo.

195 1886 305 1950 Tamque
314 1884 382 1933 cadas
391 1882 496 1933 domitus
506 1923 512 1945 ‚
523 1884 597 1949 quim
605 1889 711 1951 quisquis
720 1884 752 1937 ad
759 1902 824 1935 arma
831 1902 958 1937 vocantem

228 1962 293 2011 iuvit
303 1964 461 2011 inhumanum
471 1960 651 2011 Thiodamanta
663 1963 767 2028 Dryops.

196 2038 278 2101 Quam
289 2038 351 2088 ferus
362 2041 411 2104 ipse
424 2040 467 2087 suo
483 2042 553 2103 periit
572 2042 685 2088 mallatus
701 2042 727 2089 in
740 2054 809 2091 antro

229 2114 340 2167 Proditus
351 2116 447 2165 iuclusae
463 2115 541 2165 Cacus
559 2116 590 2164 ab
602 2132 643 2164 ore
655 2117 732 2167 bovis.
912 2130 961 2172 490

198 2192 279 2255 Quian
294 2197 336 2261 qui
355 2192 418 2243 dona
432 2194 488 2242 tulit
505 2193 603 2243 Lernaeo
615 2196 689 2244 cintia
702 2210 812 2257 veneno,

227 2271 394 2337 Euboicasque
406 2273 448 2319 suo
464 2272 576 2334 sanguine
592 2274 662 2320 tinxit
675 2286 759 2341 aquas.
802 2312 805 2317 .

196 2346 242 2398 Vel
254 2345 284 2396 de
293 2352 409 2413 praecipiti
420 2351 499 2397 venias
512 2352 537 2396 in
548 2348 647 2397 Tartara
658 2351 731 2410 saxo,

229 2424 265 2475 Ut
275 2427 316 2491 qui
324 2427 470 2475 Socraticum
483 2424 513 2475 de
524 2422 583 2475 nece
591 2426 650 2491 legit
659 2442 728 2492 opus.

197 2503 232 2553 Ut
248 2508 290 2569 qui
303 2503 399 2561 Theseia
411 2503 506 2553 fallacia
518 2504 571 2553 vela
582 2508 668 2555 carinae
912 2529 956 2571 495

228 2578 299 2631 Vidit
311 2598 318 2630 ι
335 2596 362 2630 ut
378 2580 452 2629 Iliaca
463 2578 544 2630 miffut
557 2583 587 2631 ab
601 2596 653 2631 arce
664 2598 731 2648 puer.
754 2621 756 2627 ,

197 2657 233 2708 Ut
248 2660 321 2707 teneri
332 2662 428 2712 nutrix,
440 2657 523 2707 eadem
534 2672 679 2720 matertera,
692 2662 779 2711 Bacchi
791 2681 798 2710 a

229 2736 265 2785 Ut
273 2740 311 2784 cui
319 2738 387 2786 causa
398 2738 461 2785 necis
472 2738 533 2784 serra
540 2752 633 2801 reperta
643 2737 698 2786 fuit.

198 2811 275 2879 Lydia
288 2815 311 2861 se
324 2814 426 2879 scopulis
437 2829 463 2862 ut
473 2817 542 2879 virgo
552 2817 619 2863 misit
629 2816 659 2864 ab
667 2814 740 2876 altis,

211 2892 330 2943 „Dixerat
343 2894 420 2941 invito
430 2907 482 2957 quae
493 2891 556 2941 mala
567 2892 639 2940 verba
648 2890 703 2941 deo.

200 2968 257 3017 Feta
267 2970 310 3017 tibi
317 2982 427 3018 occurrat
438 2960 517 3033 patrio
528 2970 649 3034 popularis
659 2972 685 3039 in
695 2985 767 3031 arvo,

233 3047 314 3111 Sitque
324 3046 453 3111 Paphagiae
463 3047 531 3096 causa
542 3046 616 3096 leaena
628 3050 700 3100 necis.

201 3120 296 3189 Quique
307 3121 458 3191 Lycurgiden
469 3122 569 3186 letavit,
581 3129 605 3182 δι
617 3126 813 3184 arborenatum‚

739 3207 762 3259 R
783 3208 806 3276 vj
