<?xml version="1.0" encoding="UTF-8"?>
<!DOCTYPE html PUBLIC "-//W3C//DTD XHTML 1.0 Transitional//EN"
    "http://www.w3.org/TR/xhtml1/DTD/xhtml1-transitional.dtd">
<html xmlns="http://www.w3.org/1999/xhtml" xml:lang="en" lang="en">
 <head>
  <title>
</title>
<meta http-equiv="Content-Type" content="text/html;charset=utf-8" />
  <meta name='ocr-system' content='tesseract 3.04.00' />
  <meta name='ocr-capabilities' content='ocr_page ocr_carea ocr_par ocr_line ocrx_word'/>
</head>
<body>
  <div class='ocr_page' id='page_1' title='image "./povidiinasoniso02ovidgoog_0227.png"; bbox 0 0 2325 3959; ppageno 0'>
   <div class='ocr_carea' id='block_1_1' title="bbox 309 367 1025 494">
    <p class='ocr_par' dir='ltr' id='par_1_1' title="bbox 309 367 1025 494">
     <span class='ocr_line' id='line_1_1' title="bbox 309 367 1025 494; baseline -0.01 -16"><span class='ocrx_word' id='word_1_1' title='bbox 309 405 579 478; x_wconf 75' lang='lat' dir='ltr'>Tursrrurr</span> <span class='ocrx_word' id='word_1_2' title='bbox 603 404 704 473; x_wconf 82' lang='lat' dir='ltr'>er.</span> <span class='ocrx_word' id='word_1_3' title='bbox 733 372 803 472; x_wconf 76' lang='lat' dir='ltr'>Hs.</span> <span class='ocrx_word' id='word_1_4' title='bbox 850 392 926 494; x_wconf 48' lang='lat'>225‘</span> <span class='ocrx_word' id='word_1_5' title='bbox 984 367 1025 378; x_wconf 71' lang='lat'>.,</span> 
     </span>
    </p>
   </div>
   <div class='ocr_carea' id='block_1_2' title="bbox 152 523 992 3224">
    <p class='ocr_par' dir='ltr' id='par_1_2' title="bbox 152 523 992 3224">
     <span class='ocr_line' id='line_1_2' title="bbox 237 523 749 596; baseline -0.008 -16"><span class='ocrx_word' id='word_1_6' title='bbox 237 523 301 580; x_wconf 78' lang='lat' dir='ltr'>Nam</span> <span class='ocrx_word' id='word_1_7' title='bbox 312 528 396 596; x_wconf 88' lang='lat' dir='ltr'>procul</span> <span class='ocrx_word' id='word_1_8' title='bbox 408 545 423 578; x_wconf 79' lang='lat' dir='ltr'>a</span> <span class='ocrx_word' id='word_1_9' title='bbox 434 528 520 578; x_wconf 85' lang='lat' dir='ltr'>Getico</span> <span class='ocrx_word' id='word_1_10' title='bbox 529 526 601 576; x_wconf 89' lang='lat' dir='ltr'>litore</span> <span class='ocrx_word' id='word_1_11' title='bbox 610 529 666 577; x_wconf 86' lang='lat' dir='ltr'>vitis</span> <span class='ocrx_word' id='word_1_12' title='bbox 677 528 749 577; x_wconf 86' lang='lat' dir='ltr'>abest.</span> 
     </span>
     <span class='ocr_line' id='line_1_3' title="bbox 207 603 966 677; baseline -0.004 -21"><span class='ocrx_word' id='word_1_13' title='bbox 207 603 310 674; x_wconf 88' lang='lat' dir='ltr'>Quoque</span> <span class='ocrx_word' id='word_1_14' title='bbox 323 608 378 658; x_wconf 89' lang='lat' dir='ltr'>loco</span> <span class='ocrx_word' id='word_1_15' title='bbox 390 607 422 656; x_wconf 90' lang='lat' dir='ltr'>est</span> <span class='ocrx_word' id='word_1_16' title='bbox 436 607 521 660; x_wconf 81' lang='lat' dir='ltr'>arbor,</span> <span class='ocrx_word' id='word_1_17' title='bbox 538 607 651 670; x_wconf 80' lang='lat' dir='ltr'>turgescit</span> <span class='ocrx_word' id='word_1_18' title='bbox 660 608 876 658; x_wconf 76' lang='lat' dir='ltr'>inarborerrmuse</span> <span class='ocrx_word' id='word_1_19' title='bbox 939 632 966 677; x_wconf 79' lang='lat'>¹5</span> 
     </span>
     <span class='ocr_line' id='line_1_4' title="bbox 224 681 794 749; baseline 0 -16"><span class='ocrx_word' id='word_1_20' title='bbox 224 692 226 697; x_wconf 84' lang='grc'><em>“</em></span> <span class='ocrx_word' id='word_1_21' title='bbox 239 683 303 734; x_wconf 86' lang='lat' dir='ltr'>Nam</span> <span class='ocrx_word' id='word_1_22' title='bbox 318 683 402 749; x_wconf 89' lang='lat' dir='ltr'>procul</span> <span class='ocrx_word' id='word_1_23' title='bbox 417 699 432 732; x_wconf 87' lang='lat' dir='ltr'>a</span> <span class='ocrx_word' id='word_1_24' title='bbox 442 683 532 732; x_wconf 81' lang='lat' dir='ltr'>Geticis</span> <span class='ocrx_word' id='word_1_25' title='bbox 543 681 631 731; x_wconf 86' lang='lat' dir='ltr'>finibus</span> <span class='ocrx_word' id='word_1_26' title='bbox 641 685 712 732; x_wconf 85' lang='lat' dir='ltr'>arbor</span> <span class='ocrx_word' id='word_1_27' title='bbox 722 685 794 733; x_wconf 85' lang='lat' dir='ltr'>abest.</span> 
     </span>
     <span class='ocr_line' id='line_1_5' title="bbox 206 758 771 826; baseline -0.002 -15"><span class='ocrx_word' id='word_1_28' title='bbox 206 761 262 812; x_wconf 81' lang='lat' dir='ltr'>oria</span> <span class='ocrx_word' id='word_1_29' title='bbox 273 778 337 810; x_wconf 89' lang='lat' dir='ltr'>nune</span> <span class='ocrx_word' id='word_1_30' title='bbox 348 761 399 810; x_wconf 88' lang='lat' dir='ltr'>istic</span> <span class='ocrx_word' id='word_1_31' title='bbox 412 779 418 810; x_wconf 77' lang='lat' dir='ltr'>s</span> <span class='ocrx_word' id='word_1_32' title='bbox 430 763 562 826; x_wconf 73' lang='lat' dir='ltr'>Junslisque</span> <span class='ocrx_word' id='word_1_33' title='bbox 574 776 602 808; x_wconf 85' lang='lat' dir='ltr'>ex</span> <span class='ocrx_word' id='word_1_34' title='bbox 613 758 698 810; x_wconf 82' lang='lat' dir='ltr'>ordine</span> <span class='ocrx_word' id='word_1_35' title='bbox 709 759 771 810; x_wconf 89' lang='lat' dir='ltr'>ludis</span> 
     </span>
     <span class='ocr_line' id='line_1_6' title="bbox 239 836 688 904; baseline -0.004 -16"><span class='ocrx_word' id='word_1_36' title='bbox 239 837 338 888; x_wconf 88' lang='lat' dir='ltr'>Cedunt</span> <span class='ocrx_word' id='word_1_37' title='bbox 345 840 438 888; x_wconf 86' lang='lat' dir='ltr'>verbosi</span> <span class='ocrx_word' id='word_1_38' title='bbox 451 837 546 904; x_wconf 78' lang='lat' dir='ltr'>garrula</span> <span class='ocrx_word' id='word_1_39' title='bbox 557 836 620 886; x_wconf 86' lang='lat' dir='ltr'>bella</span> <span class='ocrx_word' id='word_1_40' title='bbox 631 836 688 886; x_wconf 86' lang='lat' dir='ltr'>sori.</span> 
     </span>
     <span class='ocr_line' id='line_1_7' title="bbox 205 913 841 982; baseline 0.002 -18"><span class='ocrx_word' id='word_1_41' title='bbox 205 913 267 964; x_wconf 90' lang='lat' dir='ltr'>Usus</span> <span class='ocrx_word' id='word_1_42' title='bbox 278 919 333 982; x_wconf 88' lang='lat' dir='ltr'>equi</span> <span class='ocrx_word' id='word_1_43' title='bbox 343 932 406 966; x_wconf 88' lang='lat' dir='ltr'>nunc</span> <span class='ocrx_word' id='word_1_44' title='bbox 418 916 467 976; x_wconf 88' lang='lat' dir='ltr'>est,</span> <span class='ocrx_word' id='word_1_45' title='bbox 480 914 570 966; x_wconf 85' lang='lat' dir='ltr'>levibus</span> <span class='ocrx_word' id='word_1_46' title='bbox 581 931 645 965; x_wconf 91' lang='lat' dir='ltr'>nunc</span> <span class='ocrx_word' id='word_1_47' title='bbox 655 913 747 966; x_wconf 89' lang='lat' dir='ltr'>luditur</span> <span class='ocrx_word' id='word_1_48' title='bbox 754 919 841 966; x_wconf 82' lang='lat' dir='ltr'>armis:</span> 
     </span>
     <span class='ocr_line' id='line_1_8' title="bbox 238 992 968 1058; baseline 0.003 -16"><span class='ocrx_word' id='word_1_49' title='bbox 238 992 309 1043; x_wconf 90' lang='lat' dir='ltr'>Nunc</span> <span class='ocrx_word' id='word_1_50' title='bbox 321 994 386 1058; x_wconf 82' lang='lat' dir='ltr'>pila,</span> <span class='ocrx_word' id='word_1_51' title='bbox 399 1011 462 1044; x_wconf 87' lang='lat' dir='ltr'>nunc</span> <span class='ocrx_word' id='word_1_52' title='bbox 476 994 547 1044; x_wconf 90' lang='lat' dir='ltr'>celeri</span> <span class='ocrx_word' id='word_1_53' title='bbox 560 993 666 1044; x_wconf 88' lang='lat' dir='ltr'>volvitur</span> <span class='ocrx_word' id='word_1_54' title='bbox 675 995 734 1044; x_wconf 88' lang='lat' dir='ltr'>orbe</span> <span class='ocrx_word' id='word_1_55' title='bbox 746 998 851 1046; x_wconf 85' lang='lat' dir='ltr'>trochus.</span> <span class='ocrx_word' id='word_1_56' title='bbox 937 1007 968 1040; x_wconf 67' lang='grc' dir='ltr'>ιο</span> 
     </span>
     <span class='ocr_line' id='line_1_9' title="bbox 205 1069 862 1138; baseline 0.003 -18"><span class='ocrx_word' id='word_1_57' title='bbox 205 1069 292 1130; x_wconf 87' lang='lat' dir='ltr'>Nune,</span> <span class='ocrx_word' id='word_1_58' title='bbox 307 1074 347 1120; x_wconf 86' lang='lat' dir='ltr'>ubi</span> <span class='ocrx_word' id='word_1_59' title='bbox 357 1071 452 1138; x_wconf 87' lang='lat' dir='ltr'>perfusa</span> <span class='ocrx_word' id='word_1_60' title='bbox 463 1073 495 1121; x_wconf 83' lang='lat' dir='ltr'>est</span> <span class='ocrx_word' id='word_1_61' title='bbox 504 1071 560 1121; x_wconf 90' lang='lat' dir='ltr'>oleo</span> <span class='ocrx_word' id='word_1_62' title='bbox 569 1071 663 1122; x_wconf 89' lang='lat' dir='ltr'>labente</span> <span class='ocrx_word' id='word_1_63' title='bbox 674 1075 800 1138; x_wconf 69' lang='lat' dir='ltr'>iuventus,</span> <span class='ocrx_word' id='word_1_64' title='bbox 860 1069 862 1073; x_wconf 63' lang='grc'>’</span> 
     </span>
     <span class='ocr_line' id='line_1_10' title="bbox 235 1147 784 1216; baseline 0.004 -18"><span class='ocrx_word' id='word_1_65' title='bbox 235 1147 346 1198; x_wconf 82' lang='lat' dir='ltr'>Deselsos</span> <span class='ocrx_word' id='word_1_66' title='bbox 357 1166 421 1199; x_wconf 82' lang='lat' dir='ltr'>artus</span> <span class='ocrx_word' id='word_1_67' title='bbox 429 1149 527 1214; x_wconf 83' lang='lat' dir='ltr'>Virgine</span> <span class='ocrx_word' id='word_1_68' title='bbox 537 1152 610 1215; x_wconf 89' lang='lat' dir='ltr'>tingit</span> <span class='ocrx_word' id='word_1_69' title='bbox 619 1151 690 1216; x_wconf 72' lang='lat' dir='ltr'>aqui.</span> <span class='ocrx_word' id='word_1_70' title='bbox 782 1171 784 1177; x_wconf 64' lang='lat'><strong><em>¹</em></strong></span> 
     </span>
     <span class='ocr_line' id='line_1_11' title="bbox 204 1225 834 1293; baseline 0 -18"><span class='ocrx_word' id='word_1_71' title='bbox 204 1227 278 1276; x_wconf 80' lang='lat' dir='ltr'>Scena</span> <span class='ocrx_word' id='word_1_72' title='bbox 291 1230 372 1292; x_wconf 82' lang='lat' dir='ltr'>viget,</span> <span class='ocrx_word' id='word_1_73' title='bbox 385 1225 514 1293; x_wconf 86' lang='lat' dir='ltr'>studiisque</span> <span class='ocrx_word' id='word_1_74' title='bbox 525 1227 594 1278; x_wconf 88' lang='lat' dir='ltr'>favor</span> <span class='ocrx_word' id='word_1_75' title='bbox 605 1227 744 1277; x_wconf 81' lang='lat' dir='ltr'>distantibus</span> <span class='ocrx_word' id='word_1_76' title='bbox 752 1226 834 1277; x_wconf 86' lang='lat' dir='ltr'>ardet:</span> 
     </span>
     <span class='ocr_line' id='line_1_12' title="bbox 236 1304 817 1370; baseline 0.002 -18"><span class='ocrx_word' id='word_1_77' title='bbox 236 1304 329 1370; x_wconf 79' lang='lat' dir='ltr'>Proque</span> <span class='ocrx_word' id='word_1_78' title='bbox 342 1307 416 1354; x_wconf 91' lang='lat' dir='ltr'>tribus</span> <span class='ocrx_word' id='word_1_79' title='bbox 430 1307 541 1354; x_wconf 87' lang='lat' dir='ltr'>resonant</span> <span class='ocrx_word' id='word_1_80' title='bbox 550 1320 618 1354; x_wconf 88' lang='lat' dir='ltr'>terna</span> <span class='ocrx_word' id='word_1_81' title='bbox 628 1307 733 1356; x_wconf 83' lang='lat' dir='ltr'>Theatra</span> <span class='ocrx_word' id='word_1_82' title='bbox 743 1308 817 1355; x_wconf 81' lang='lat' dir='ltr'>Foris.</span> 
     </span>
     <span class='ocr_line' id='line_1_13' title="bbox 205 1379 963 1447; baseline 0 -17"><span class='ocrx_word' id='word_1_83' title='bbox 205 1379 243 1431; x_wconf 76' lang='lat' dir='ltr'>O!</span> <span class='ocrx_word' id='word_1_84' title='bbox 262 1396 345 1446; x_wconf 83' lang='lat' dir='ltr'>quater</span> <span class='ocrx_word' id='word_1_85' title='bbox 356 1415 363 1436; x_wconf 86' lang='lat'>,</span> <span class='ocrx_word' id='word_1_86' title='bbox 382 1385 407 1430; x_wconf 77' lang='grc' dir='ltr'>δι</span> <span class='ocrx_word' id='word_1_87' title='bbox 418 1385 511 1447; x_wconf 89' lang='lat' dir='ltr'>quoties</span> <span class='ocrx_word' id='word_1_88' title='bbox 521 1398 571 1430; x_wconf 90' lang='lat' dir='ltr'>non</span> <span class='ocrx_word' id='word_1_89' title='bbox 581 1383 758 1443; x_wconf 81' lang='lat' dir='ltr'>esinumerare,</span> <span class='ocrx_word' id='word_1_90' title='bbox 770 1384 883 1441; x_wconf 79' lang='lat' dir='ltr'>beatum,</span> <span class='ocrx_word' id='word_1_91' title='bbox 934 1394 963 1439; x_wconf 81' lang='lat'>²5</span> 
     </span>
     <span class='ocr_line' id='line_1_14' title="bbox 236 1450 697 1510; baseline 0.011 -5"><span class='ocrx_word' id='word_1_92' title='bbox 236 1456 294 1506; x_wconf 89' lang='lat' dir='ltr'>Non</span> <span class='ocrx_word' id='word_1_93' title='bbox 304 1450 429 1508; x_wconf 70' lang='lat' dir='ltr'>interdiiii</span> <span class='ocrx_word' id='word_1_94' title='bbox 442 1462 480 1508; x_wconf 89' lang='lat' dir='ltr'>cui</span> <span class='ocrx_word' id='word_1_95' title='bbox 489 1459 545 1510; x_wconf 91' lang='lat' dir='ltr'>lieet</span> <span class='ocrx_word' id='word_1_96' title='bbox 557 1460 623 1509; x_wconf 87' lang='lat' dir='ltr'>Urbe</span> <span class='ocrx_word' id='word_1_97' title='bbox 634 1461 697 1510; x_wconf 85' lang='lat' dir='ltr'>frui!</span> 
     </span>
     <span class='ocr_line' id='line_1_15' title="bbox 201 1537 729 1592; baseline 0.004 -8"><span class='ocrx_word' id='word_1_98' title='bbox 201 1537 235 1584; x_wconf 83' lang='lat' dir='ltr'>At</span> <span class='ocrx_word' id='word_1_99' title='bbox 251 1537 311 1584; x_wconf 86' lang='lat' dir='ltr'>mihi</span> <span class='ocrx_word' id='word_1_100' title='bbox 324 1538 422 1584; x_wconf 85' lang='lat' dir='ltr'>sentitur</span> <span class='ocrx_word' id='word_1_101' title='bbox 435 1539 476 1585; x_wconf 83' lang='lat' dir='ltr'>uir</span> <span class='ocrx_word' id='word_1_102' title='bbox 487 1554 561 1586; x_wconf 87' lang='lat' dir='ltr'>verno</span> <span class='ocrx_word' id='word_1_103' title='bbox 572 1538 621 1588; x_wconf 92' lang='lat' dir='ltr'>sole</span> <span class='ocrx_word' id='word_1_104' title='bbox 631 1538 708 1588; x_wconf 85' lang='lat' dir='ltr'>soluta</span> <span class='ocrx_word' id='word_1_105' title='bbox 719 1573 729 1592; x_wconf 90' lang='lat'><em>,</em></span> 
     </span>
     <span class='ocr_line' id='line_1_16' title="bbox 236 1613 746 1683; baseline 0.002 -21"><span class='ocrx_word' id='word_1_106' title='bbox 236 1613 343 1680; x_wconf 72' lang='lat' dir='ltr'>Quaque</span> <span class='ocrx_word' id='word_1_107' title='bbox 354 1615 407 1664; x_wconf 89' lang='lat' dir='ltr'>lacu</span> <span class='ocrx_word' id='word_1_108' title='bbox 418 1613 478 1664; x_wconf 91' lang='lat' dir='ltr'>duro</span> <span class='ocrx_word' id='word_1_109' title='bbox 489 1619 528 1665; x_wconf 84' lang='lat' dir='ltr'>vix</span> <span class='ocrx_word' id='word_1_110' title='bbox 537 1615 660 1666; x_wconf 81' lang='lat' dir='ltr'>fodiantur</span> <span class='ocrx_word' id='word_1_111' title='bbox 670 1633 746 1683; x_wconf 79' lang='lat' dir='ltr'>aquae.</span> 
     </span>
     <span class='ocr_line' id='line_1_17' title="bbox 202 1691 914 1758; baseline -0.001 -16"><span class='ocrx_word' id='word_1_112' title='bbox 202 1691 327 1742; x_wconf 75' lang='lat' dir='ltr'>Neomare</span> <span class='ocrx_word' id='word_1_113' title='bbox 337 1695 468 1742; x_wconf 84' lang='lat' dir='ltr'>concrescit</span> <span class='ocrx_word' id='word_1_114' title='bbox 480 1693 555 1758; x_wconf 83' lang='lat' dir='ltr'>glatie</span> <span class='ocrx_word' id='word_1_115' title='bbox 567 1713 573 1742; x_wconf 74' lang='grc' dir='ltr'><strong><em>ε</em></strong></span> <span class='ocrx_word' id='word_1_116' title='bbox 585 1711 644 1751; x_wconf 90' lang='lat' dir='ltr'>nec,</span> <span class='ocrx_word' id='word_1_117' title='bbox 656 1710 682 1743; x_wconf 90' lang='lat' dir='ltr'>ut</span> <span class='ocrx_word' id='word_1_118' title='bbox 690 1710 763 1751; x_wconf 83' lang='lat' dir='ltr'>anre,</span> <span class='ocrx_word' id='word_1_119' title='bbox 776 1709 817 1758; x_wconf 90' lang='lat' dir='ltr'>per</span> <span class='ocrx_word' id='word_1_120' title='bbox 831 1692 914 1742; x_wconf 80' lang='lat' dir='ltr'>Istrum</span> 
     </span>
     <span class='ocr_line' id='line_1_18' title="bbox 234 1767 964 1841; baseline 0.008 -22"><span class='ocrx_word' id='word_1_121' title='bbox 234 1767 338 1819; x_wconf 87' lang='lat' dir='ltr'>Stridula</span> <span class='ocrx_word' id='word_1_122' title='bbox 348 1773 498 1822; x_wconf 88' lang='lat' dir='ltr'>Sauromates</span> <span class='ocrx_word' id='word_1_123' title='bbox 511 1771 612 1838; x_wconf 83' lang='lat' dir='ltr'>plaustra</span> <span class='ocrx_word' id='word_1_124' title='bbox 619 1773 738 1839; x_wconf 22' lang='lat' dir='ltr'>*bubulcus</span> <span class='ocrx_word' id='word_1_125' title='bbox 747 1776 805 1837; x_wconf 82' lang='lat' dir='ltr'>agit.</span> <span class='ocrx_word' id='word_1_126' title='bbox 935 1793 964 1841; x_wconf 77' lang='lat'>30</span> 
     </span>
     <span class='ocr_line' id='line_1_19' title="bbox 200 1847 768 1915; baseline 0.007 -18"><span class='ocrx_word' id='word_1_127' title='bbox 200 1847 318 1914; x_wconf 80' lang='lat' dir='ltr'>Incipient</span> <span class='ocrx_word' id='word_1_128' title='bbox 328 1848 412 1915; x_wconf 83' lang='lat' dir='ltr'>aliquae</span> <span class='ocrx_word' id='word_1_129' title='bbox 421 1863 501 1900; x_wconf 85' lang='lat' dir='ltr'>tamen</span> <span class='ocrx_word' id='word_1_130' title='bbox 511 1851 557 1900; x_wconf 88' lang='lat' dir='ltr'>huc</span> <span class='ocrx_word' id='word_1_131' title='bbox 569 1847 656 1902; x_wconf 80' lang='lat' dir='ltr'>adnare</span> <span class='ocrx_word' id='word_1_132' title='bbox 663 1854 748 1901; x_wconf 75' lang='lat' dir='ltr'>cariore</span> <span class='ocrx_word' id='word_1_133' title='bbox 758 1884 768 1910; x_wconf 90' lang='lat'>,</span> 
     </span>
     <span class='ocr_line' id='line_1_20' title="bbox 233 1925 733 1993; baseline 0 -17"><span class='ocrx_word' id='word_1_134' title='bbox 233 1925 381 1991; x_wconf 83' lang='lat' dir='ltr'>Hospitaque</span> <span class='ocrx_word' id='word_1_135' title='bbox 391 1929 417 1974; x_wconf 90' lang='lat' dir='ltr'>in</span> <span class='ocrx_word' id='word_1_136' title='bbox 428 1927 499 1975; x_wconf 86' lang='lat' dir='ltr'>Ponti</span> <span class='ocrx_word' id='word_1_137' title='bbox 507 1927 577 1976; x_wconf 90' lang='lat' dir='ltr'>litore</span> <span class='ocrx_word' id='word_1_138' title='bbox 588 1932 672 1993; x_wconf 81' lang='lat' dir='ltr'>puppis</span> <span class='ocrx_word' id='word_1_139' title='bbox 680 1932 733 1976; x_wconf 86' lang='lat' dir='ltr'>erit.</span> 
     </span>
     <span class='ocr_line' id='line_1_21' title="bbox 199 1999 763 2069; baseline 0.005 -18"><span class='ocrx_word' id='word_1_140' title='bbox 199 1999 300 2052; x_wconf 84' lang='lat' dir='ltr'>Sedulus</span> <span class='ocrx_word' id='word_1_141' title='bbox 310 2018 434 2050; x_wconf 82' lang='lat' dir='ltr'>occurram</span> <span class='ocrx_word' id='word_1_142' title='bbox 445 2018 521 2052; x_wconf 79' lang='lat' dir='ltr'>nautae</span> <span class='ocrx_word' id='word_1_143' title='bbox 532 2023 538 2052; x_wconf 79' lang='lat' dir='ltr'>r</span> <span class='ocrx_word' id='word_1_144' title='bbox 551 2002 661 2069; x_wconf 70' lang='lat' dir='ltr'>disiique</span> <span class='ocrx_word' id='word_1_145' title='bbox 671 2005 763 2064; x_wconf 87' lang='lat' dir='ltr'>salute,</span> 
     </span>
     <span class='ocr_line' id='line_1_22' title="bbox 152 2075 992 2147; baseline 0.008 -21"><span class='ocrx_word' id='word_1_146' title='bbox 152 2110 153 2113; x_wconf 58' lang='lat'><em>=</em></span> <span class='ocrx_word' id='word_1_147' title='bbox 233 2077 546 2146; x_wconf 78' lang='lat' dir='ltr'>Quidveniat,quaeram‚</span> <span class='ocrx_word' id='word_1_148' title='bbox 564 2085 664 2146; x_wconf 83' lang='lat' dir='ltr'>quisve,</span> <span class='ocrx_word' id='word_1_149' title='bbox 684 2075 799 2147; x_wconf 83' lang='lat' dir='ltr'>quibusve</span> <span class='ocrx_word' id='word_1_150' title='bbox 811 2086 921 2145; x_wconf 75' lang='lat' dir='ltr'>locis‚&#39;</span> <span class='ocrx_word' id='word_1_151' title='bbox 989 2130 992 2133; x_wconf 85' lang='lat'>.</span> 
     </span>
     <span class='ocr_line' id='line_1_23' title="bbox 200 2154 961 2233; baseline 0.011 -29"><span class='ocrx_word' id='word_1_152' title='bbox 200 2155 245 2204; x_wconf 89' lang='lat' dir='ltr'>llle</span> <span class='ocrx_word' id='word_1_153' title='bbox 264 2154 363 2222; x_wconf 88' lang='lat' dir='ltr'>quidem</span> <span class='ocrx_word' id='word_1_154' title='bbox 376 2160 483 2218; x_wconf 83' lang='lat' dir='ltr'>mirum,</span> <span class='ocrx_word' id='word_1_155' title='bbox 495 2159 521 2208; x_wconf 85' lang='lat' dir='ltr'>ul</span> <span class='ocrx_word' id='word_1_156' title='bbox 533 2193 541 2218; x_wconf 92' lang='lat'>,</span> <span class='ocrx_word' id='word_1_157' title='bbox 557 2157 589 2208; x_wconf 91' lang='lat' dir='ltr'>de</span> <span class='ocrx_word' id='word_1_158' title='bbox 597 2163 694 2223; x_wconf 83' lang='lat' dir='ltr'>regione</span> <span class='ocrx_word' id='word_1_159' title='bbox 705 2164 853 2226; x_wconf 74' lang='lat' dir='ltr'>propinqui,</span> <span class='ocrx_word' id='word_1_160' title='bbox 934 2190 961 2233; x_wconf 75' lang='lat'>35</span> 
     </span>
     <span class='ocr_line' id='line_1_24' title="bbox 232 2233 716 2303; baseline 0.006 -19"><span class='ocrx_word' id='word_1_161' title='bbox 232 2233 291 2284; x_wconf 92' lang='lat' dir='ltr'>Non</span> <span class='ocrx_word' id='word_1_162' title='bbox 301 2238 346 2284; x_wconf 87' lang='lat' dir='ltr'>uisi</span> <span class='ocrx_word' id='word_1_163' title='bbox 361 2238 450 2284; x_wconf 80' lang='lat' dir='ltr'>vicinas</span> <span class='ocrx_word' id='word_1_164' title='bbox 465 2252 546 2286; x_wconf 86' lang='lat' dir='ltr'>cautus</span> <span class='ocrx_word' id='word_1_165' title='bbox 556 2241 627 2287; x_wconf 88' lang='lat' dir='ltr'>ararit</span> <span class='ocrx_word' id='word_1_166' title='bbox 635 2254 716 2303; x_wconf 87' lang='lat' dir='ltr'>aquas.</span> 
     </span>
     <span class='ocr_line' id='line_1_25' title="bbox 200 2312 801 2369; baseline 0.015 -9"><span class='ocrx_word' id='word_1_167' title='bbox 200 2312 274 2362; x_wconf 84' lang='lat' dir='ltr'>Rarus</span> <span class='ocrx_word' id='word_1_168' title='bbox 291 2314 320 2362; x_wconf 86' lang='lat' dir='ltr'>ab</span> <span class='ocrx_word' id='word_1_169' title='bbox 338 2313 517 2366; x_wconf 74' lang='lat' dir='ltr'>ltaliitautum</span> <span class='ocrx_word' id='word_1_170' title='bbox 528 2332 595 2364; x_wconf 83' lang='lat' dir='ltr'>mare</span> <span class='ocrx_word' id='word_1_171' title='bbox 606 2320 686 2366; x_wconf 84' lang='lat' dir='ltr'>navita</span> <span class='ocrx_word' id='word_1_172' title='bbox 699 2319 801 2369; x_wconf 72' lang='lat' dir='ltr'>transite</span> 
     </span>
     <span class='ocr_line' id='line_1_26' title="bbox 230 2391 767 2456; baseline 0.009 -16"><span class='ocrx_word' id='word_1_173' title='bbox 230 2391 313 2440; x_wconf 89' lang='lat' dir='ltr'>Litora</span> <span class='ocrx_word' id='word_1_174' title='bbox 324 2409 388 2442; x_wconf 83' lang='lat' dir='ltr'>rarus</span> <span class='ocrx_word' id='word_1_175' title='bbox 398 2395 423 2442; x_wconf 87' lang='lat' dir='ltr'>in</span> <span class='ocrx_word' id='word_1_176' title='bbox 434 2395 484 2442; x_wconf 84' lang='lat' dir='ltr'>heec</span> <span class='ocrx_word' id='word_1_177' title='bbox 495 2395 610 2456; x_wconf 80' lang='lat' dir='ltr'>portubus</span> <span class='ocrx_word' id='word_1_178' title='bbox 621 2395 681 2446; x_wconf 82' lang='lat' dir='ltr'>orba</span> <span class='ocrx_word' id='word_1_179' title='bbox 690 2398 767 2445; x_wconf 79' lang='lat' dir='ltr'>venit.</span> 
     </span>
     <span class='ocr_line' id='line_1_27' title="bbox 198 2465 740 2536; baseline 0.007 -18"><span class='ocrx_word' id='word_1_180' title='bbox 198 2465 251 2520; x_wconf 80' lang='lat' dir='ltr'>Sive</span> <span class='ocrx_word' id='word_1_181' title='bbox 262 2484 342 2518; x_wconf 85' lang='lat' dir='ltr'>tamen</span> <span class='ocrx_word' id='word_1_182' title='bbox 349 2471 426 2536; x_wconf 38' lang='lat' dir='ltr'>,GrtJi</span> <span class='ocrx_word' id='word_1_183' title='bbox 437 2473 529 2530; x_wconf 88' lang='lat' dir='ltr'>scierit,</span> <span class='ocrx_word' id='word_1_184' title='bbox 542 2473 591 2520; x_wconf 86' lang='lat' dir='ltr'>sive</span> <span class='ocrx_word' id='word_1_185' title='bbox 601 2471 643 2520; x_wconf 87' lang='lat' dir='ltr'>ille</span> <span class='ocrx_word' id='word_1_186' title='bbox 654 2472 740 2522; x_wconf 64' lang='lat' dir='ltr'>Latini</span> 
     </span>
     <span class='ocr_line' id='line_1_28' title="bbox 229 2535 962 2628; baseline 0.004 -32"><span class='ocrx_word' id='word_1_187' title='bbox 229 2547 296 2596; x_wconf 86' lang='lat' dir='ltr'>Voce</span> <span class='ocrx_word' id='word_1_188' title='bbox 314 2535 382 2612; x_wconf 89' lang='lat' dir='ltr'>loqui</span> <span class='ocrx_word' id='word_1_189' title='bbox 394 2565 401 2606; x_wconf 72' lang='lat'><strong>5</strong></span> <span class='ocrx_word' id='word_1_190' title='bbox 413 2545 476 2596; x_wconf 67' lang='lat' dir='ltr'>certe</span> <span class='ocrx_word' id='word_1_191' title='bbox 487 2551 576 2610; x_wconf 79' lang='lat' dir='ltr'>gratior</span> <span class='ocrx_word' id='word_1_192' title='bbox 587 2550 657 2618; x_wconf 85' lang='lat' dir='ltr'>hujus</span> <span class='ocrx_word' id='word_1_193' title='bbox 665 2552 718 2598; x_wconf 88' lang='lat' dir='ltr'>erit.</span> <span class='ocrx_word' id='word_1_194' title='bbox 929 2583 962 2628; x_wconf 75' lang='lat'>4,</span> 
     </span>
     <span class='ocr_line' id='line_1_29' title="bbox 199 2621 912 2692; baseline 0.02 -22"><span class='ocrx_word' id='word_1_195' title='bbox 199 2621 241 2671; x_wconf 84' lang='lat' dir='ltr'>Fas</span> <span class='ocrx_word' id='word_1_196' title='bbox 252 2639 349 2688; x_wconf 92' lang='lat' dir='ltr'>quoque</span> <span class='ocrx_word' id='word_1_197' title='bbox 364 2625 393 2672; x_wconf 85' lang='lat' dir='ltr'>ab</span> <span class='ocrx_word' id='word_1_198' title='bbox 412 2640 453 2672; x_wconf 90' lang='lat' dir='ltr'>ore</span> <span class='ocrx_word' id='word_1_199' title='bbox 464 2623 519 2672; x_wconf 84' lang='lat' dir='ltr'>freti</span> <span class='ocrx_word' id='word_1_200' title='bbox 535 2623 661 2690; x_wconf 68' lang='lat' dir='ltr'>longeque</span> <span class='ocrx_word' id='word_1_201' title='bbox 672 2626 831 2692; x_wconf 84' lang='lat' dir='ltr'>Propontidos</span> <span class='ocrx_word' id='word_1_202' title='bbox 843 2632 912 2684; x_wconf 79' lang='lat' dir='ltr'>undis</span> 
     </span>
     <span class='ocr_line' id='line_1_30' title="bbox 230 2699 879 2765; baseline 0.011 -18"><span class='ocrx_word' id='word_1_203' title='bbox 230 2699 283 2747; x_wconf 84' lang='lat' dir='ltr'>Huc</span> <span class='ocrx_word' id='word_1_204' title='bbox 294 2700 398 2765; x_wconf 83' lang='lat' dir='ltr'>aliquem</span> <span class='ocrx_word' id='word_1_205' title='bbox 406 2715 473 2749; x_wconf 89' lang='lat' dir='ltr'>cerro</span> <span class='ocrx_word' id='word_1_206' title='bbox 484 2701 536 2752; x_wconf 83' lang='lat' dir='ltr'>vela</span> <span class='ocrx_word' id='word_1_207' title='bbox 546 2699 636 2750; x_wconf 85' lang='lat' dir='ltr'>dedisse</span> <span class='ocrx_word' id='word_1_208' title='bbox 648 2701 724 2755; x_wconf 85' lang='lat' dir='ltr'>Noto.</span> <span class='ocrx_word' id='word_1_209' title='bbox 823 2714 826 2725; x_wconf 87' lang='lat'><strong><em>¹</em></strong></span> <span class='ocrx_word' id='word_1_210' title='bbox 877 2754 879 2761; x_wconf 76' lang='grc'>,</span> 
     </span>
     <span class='ocr_line' id='line_1_31' title="bbox 198 2777 844 2846; baseline 0.017 -22"><span class='ocrx_word' id='word_1_211' title='bbox 198 2777 311 2842; x_wconf 77' lang='lat' dir='ltr'>Quisquis</span> <span class='ocrx_word' id='word_1_212' title='bbox 321 2779 341 2824; x_wconf 90' lang='lat' dir='ltr'>is</span> <span class='ocrx_word' id='word_1_213' title='bbox 352 2777 384 2826; x_wconf 88' lang='lat' dir='ltr'>est</span> <span class='ocrx_word' id='word_1_214' title='bbox 394 2811 402 2836; x_wconf 91' lang='lat'><strong><em>‚</em></strong></span> <span class='ocrx_word' id='word_1_215' title='bbox 421 2780 523 2827; x_wconf 87' lang='lat' dir='ltr'>memori</span> <span class='ocrx_word' id='word_1_216' title='bbox 535 2794 657 2828; x_wconf 85' lang='lat' dir='ltr'>rumorem</span> <span class='ocrx_word' id='word_1_217' title='bbox 668 2798 727 2831; x_wconf 85' lang='lat' dir='ltr'>voce</span> <span class='ocrx_word' id='word_1_218' title='bbox 739 2784 844 2846; x_wconf 84' lang='lat' dir='ltr'>referre,</span> 
     </span>
     <span class='ocr_line' id='line_1_32' title="bbox 230 2853 756 2922; baseline 0.011 -18"><span class='ocrx_word' id='word_1_219' title='bbox 230 2855 261 2904; x_wconf 88' lang='lat' dir='ltr'>Er</span> <span class='ocrx_word' id='word_1_220' title='bbox 271 2853 322 2905; x_wconf 86' lang='lat' dir='ltr'>fieri</span> <span class='ocrx_word' id='word_1_221' title='bbox 334 2854 403 2904; x_wconf 77' lang='lat' dir='ltr'>samae</span> <span class='ocrx_word' id='word_1_222' title='bbox 419 2871 518 2920; x_wconf 86' lang='lat' dir='ltr'>parsque</span> <span class='ocrx_word' id='word_1_223' title='bbox 528 2854 661 2922; x_wconf 89' lang='lat' dir='ltr'>gradusque</span> <span class='ocrx_word' id='word_1_224' title='bbox 672 2861 756 2922; x_wconf 84' lang='lat' dir='ltr'>potest.</span> 
     </span>
     <span class='ocr_line' id='line_1_33' title="bbox 198 2930 747 3001; baseline 0.009 -19"><span class='ocrx_word' id='word_1_225' title='bbox 198 2933 221 2982; x_wconf 89' lang='lat' dir='ltr'>Is</span> <span class='ocrx_word' id='word_1_226' title='bbox 230 2949 314 2998; x_wconf 89' lang='lat' dir='ltr'>precor</span> <span class='ocrx_word' id='word_1_227' title='bbox 322 2930 416 2982; x_wconf 84' lang='lat' dir='ltr'>auditos</span> <span class='ocrx_word' id='word_1_228' title='bbox 428 2935 602 2996; x_wconf 83' lang='lat' dir='ltr'>porrirnarrare</span> <span class='ocrx_word' id='word_1_229' title='bbox 614 2938 747 3001; x_wconf 85' lang='lat' dir='ltr'>triumphos</span> 
     </span>
     <span class='ocr_line' id='line_1_34' title="bbox 230 3009 715 3066; baseline 0.002 -3"><span class='ocrx_word' id='word_1_230' title='bbox 230 3011 343 3066; x_wconf 83' lang='lat' dir='ltr'>Caesaris,</span> <span class='ocrx_word' id='word_1_231' title='bbox 358 3015 383 3060; x_wconf 72' lang='lat' dir='ltr'>lc</span> <span class='ocrx_word' id='word_1_232' title='bbox 397 3011 468 3060; x_wconf 86' lang='lat' dir='ltr'>Latio</span> <span class='ocrx_word' id='word_1_233' title='bbox 478 3009 573 3060; x_wconf 79' lang='lat' dir='ltr'>reddita</span> <span class='ocrx_word' id='word_1_234' title='bbox 586 3013 715 3066; x_wconf 77' lang='lat' dir='ltr'>voraiovi.</span> 
     </span>
     <span class='ocr_line' id='line_1_35' title="bbox 198 3085 807 3157; baseline 0.007 -17"><span class='ocrx_word' id='word_1_235' title='bbox 198 3091 298 3157; x_wconf 86' lang='lat' dir='ltr'>Teque,</span> <span class='ocrx_word' id='word_1_236' title='bbox 313 3089 449 3140; x_wconf 80' lang='lat' dir='ltr'>rebellatrix</span> <span class='ocrx_word' id='word_1_237' title='bbox 462 3085 559 3140; x_wconf 87' lang='lat' dir='ltr'>tandem</span> <span class='ocrx_word' id='word_1_238' title='bbox 569 3089 712 3155; x_wconf 77' lang='lat' dir='ltr'>Germania,</span> <span class='ocrx_word' id='word_1_239' title='bbox 726 3099 807 3157; x_wconf 75' lang='lat' dir='ltr'>magui</span> 
     </span>
     <span class='ocr_line' id='line_1_36' title="bbox 745 3176 803 3224; baseline -0.017 0"><span class='ocrx_word' id='word_1_240' title='bbox 745 3176 803 3224; x_wconf 76' lang='lat' dir='ltr'>Kv</span> 
     </span>
    </p>
   </div>
   <div class='ocr_carea' id='block_1_3' title="bbox 0 0 1168 3959">
    <p class='ocr_par' dir='ltr' id='par_1_3' title="bbox 0 0 1168 3959">
     <span class='ocr_line' id='line_1_37' title="bbox 0 0 1168 3959; baseline 0 3"><span class='ocrx_word' id='word_1_241' title='bbox 0 0 1168 3959; x_wconf 95' lang='lat' dir='ltr'> </span> 
     </span>
    </p>
   </div>
  </div>
 </body>
</html>
