<?xml version="1.0" encoding="UTF-8"?>
<!DOCTYPE html PUBLIC "-//W3C//DTD XHTML 1.0 Transitional//EN"
    "http://www.w3.org/TR/xhtml1/DTD/xhtml1-transitional.dtd">
<html xmlns="http://www.w3.org/1999/xhtml" xml:lang="en" lang="en">
 <head>
  <title>
</title>
<meta http-equiv="Content-Type" content="text/html;charset=utf-8" />
  <meta name='ocr-system' content='tesseract 3.04.00' />
  <meta name='ocr-capabilities' content='ocr_page ocr_carea ocr_par ocr_line ocrx_word'/>
</head>
<body>
  <div class='ocr_page' id='page_1' title='image "./povidiinasoniso02ovidgoog_0206.png"; bbox 0 0 2325 3959; ppageno 0'>
   <div class='ocr_carea' id='block_1_1' title="bbox 229 403 842 488">
    <p class='ocr_par' dir='ltr' id='par_1_1' title="bbox 229 403 842 488">
     <span class='ocr_line' id='line_1_1' title="bbox 229 403 842 488; baseline 0.008 -21"><span class='ocrx_word' id='word_1_1' title='bbox 229 424 298 488; x_wconf 86' lang='lat'>204</span> <span class='ocrx_word' id='word_1_2' title='bbox 370 403 413 470; x_wconf 88' lang='lat' dir='ltr'>P.</span> <span class='ocrx_word' id='word_1_3' title='bbox 443 405 599 471; x_wconf 72' lang='lat' dir='ltr'>Ovrnrt</span> <span class='ocrx_word' id='word_1_4' title='bbox 621 405 842 472; x_wconf 77' lang='lat' dir='ltr'>NAsours&#39;</span> 
     </span>
    </p>
   </div>
   <div class='ocr_carea' id='block_1_2' title="bbox 132 519 973 3171">
    <p class='ocr_par' dir='ltr' id='par_1_2' title="bbox 132 519 973 3171">
     <span class='ocr_line' id='line_1_2' title="bbox 258 519 797 590; baseline 0.002 -18"><span class='ocrx_word' id='word_1_5' title='bbox 258 522 312 572; x_wconf 85' lang='lat' dir='ltr'>Heu</span> <span class='ocrx_word' id='word_1_6' title='bbox 321 523 327 572; x_wconf 87' lang='lat' dir='ltr'>l</span> <span class='ocrx_word' id='word_1_7' title='bbox 345 519 448 575; x_wconf 75' lang='lat' dir='ltr'>nimibn&#39;r</span> <span class='ocrx_word' id='word_1_8' title='bbox 459 523 511 574; x_wconf 83' lang='lat' dir='ltr'>serb</span> <span class='ocrx_word' id='word_1_9' title='bbox 521 522 621 574; x_wconf 80' lang='lat' dir='ltr'>damnat</span> <span class='ocrx_word' id='word_1_10' title='bbox 632 527 657 573; x_wconf 74' lang='lat' dir='ltr'>bt</span> <span class='ocrx_word' id='word_1_11' title='bbox 667 523 721 574; x_wconf 88' lang='lat' dir='ltr'>odit</span> <span class='ocrx_word' id='word_1_12' title='bbox 729 541 797 590; x_wconf 85' lang='lat' dir='ltr'>opue.</span> 
     </span>
     <span class='ocr_line' id='line_1_3' title="bbox 225 602 879 670; baseline 0.002 -19"><span class='ocrx_word' id='word_1_13' title='bbox 225 602 316 667; x_wconf 83' lang='lat' dir='ltr'>Inspice</span> <span class='ocrx_word' id='word_1_14' title='bbox 324 602 383 670; x_wconf 91' lang='lat' dir='ltr'>quid</span> <span class='ocrx_word' id='word_1_15' title='bbox 395 621 489 670; x_wconf 88' lang='lat' dir='ltr'>portem</span> <span class='ocrx_word' id='word_1_16' title='bbox 502 625 508 654; x_wconf 75' lang='grc' dir='ltr'><strong><em>ε</em></strong></span> <span class='ocrx_word' id='word_1_17' title='bbox 520 607 579 655; x_wconf 85' lang='lat' dir='ltr'>nihil</span> <span class='ocrx_word' id='word_1_18' title='bbox 590 609 630 656; x_wconf 87' lang='lat' dir='ltr'>hic</span> <span class='ocrx_word' id='word_1_19' title='bbox 641 609 685 655; x_wconf 77' lang='lat' dir='ltr'>nisi</span> <span class='ocrx_word' id='word_1_20' title='bbox 697 606 761 655; x_wconf 87' lang='lat' dir='ltr'>triste</span> <span class='ocrx_word' id='word_1_21' title='bbox 772 603 879 665; x_wconf 80' lang='lat' dir='ltr'>videbis,</span> 
     </span>
     <span class='ocr_line' id='line_1_4' title="bbox 179 679 767 749; baseline 0.01 -23"><span class='ocrx_word' id='word_1_22' title='bbox 179 693 210 726; x_wconf 91' lang='lat' dir='ltr'>ro</span> <span class='ocrx_word' id='word_1_23' title='bbox 257 679 372 732; x_wconf 81' lang='lat' dir='ltr'>Carmine</span> <span class='ocrx_word' id='word_1_24' title='bbox 387 685 532 749; x_wconf 78' lang='lat' dir='ltr'>temporibus</span> <span class='ocrx_word' id='word_1_25' title='bbox 544 687 701 734; x_wconf 86' lang='lat' dir='ltr'>conveniente</span> <span class='ocrx_word' id='word_1_26' title='bbox 712 685 767 732; x_wconf 81' lang='lat' dir='ltr'>suis.</span> 
     </span>
     <span class='ocr_line' id='line_1_5' title="bbox 224 757 841 827; baseline -0.002 -17"><span class='ocrx_word' id='word_1_27' title='bbox 224 757 320 810; x_wconf 82' lang='lat' dir='ltr'>Clauda</span> <span class='ocrx_word' id='word_1_28' title='bbox 328 759 394 827; x_wconf 88' lang='lat' dir='ltr'>quod</span> <span class='ocrx_word' id='word_1_29' title='bbox 404 762 497 812; x_wconf 89' lang='lat' dir='ltr'>alterno</span> <span class='ocrx_word' id='word_1_30' title='bbox 506 761 631 812; x_wconf 82' lang='lat' dir='ltr'>subsidunt</span> <span class='ocrx_word' id='word_1_31' title='bbox 640 765 746 812; x_wconf 81' lang='lat' dir='ltr'>carmina</span> <span class='ocrx_word' id='word_1_32' title='bbox 756 763 841 820; x_wconf 84' lang='lat' dir='ltr'>versu,</span> 
     </span>
     <span class='ocr_line' id='line_1_6' title="bbox 257 837 796 904; baseline 0 -18"><span class='ocrx_word' id='word_1_33' title='bbox 257 837 304 887; x_wconf 82' lang='lat' dir='ltr'>Vel</span> <span class='ocrx_word' id='word_1_34' title='bbox 321 837 387 904; x_wconf 87' lang='lat' dir='ltr'>pedis</span> <span class='ocrx_word' id='word_1_35' title='bbox 398 843 445 889; x_wconf 88' lang='lat' dir='ltr'>hoc</span> <span class='ocrx_word' id='word_1_36' title='bbox 457 843 518 889; x_wconf 89' lang='lat' dir='ltr'>ratio</span> <span class='ocrx_word' id='word_1_37' title='bbox 527 875 536 900; x_wconf 92' lang='lat'>‚</span> <span class='ocrx_word' id='word_1_38' title='bbox 546 840 585 890; x_wconf 83' lang='lat' dir='ltr'>vel</span> <span class='ocrx_word' id='word_1_39' title='bbox 595 842 635 891; x_wconf 83' lang='lat' dir='ltr'>via</span> <span class='ocrx_word' id='word_1_40' title='bbox 645 840 718 904; x_wconf 87' lang='lat' dir='ltr'>longa</span> <span class='ocrx_word' id='word_1_41' title='bbox 729 837 796 887; x_wconf 83' lang='lat' dir='ltr'>facit.</span> 
     </span>
     <span class='ocr_line' id='line_1_7' title="bbox 132 913 887 982; baseline 0 -18"><span class='ocrx_word' id='word_1_42' title='bbox 132 971 134 976; x_wconf 26' lang='lat'><strong><em>¹</em></strong></span> <span class='ocrx_word' id='word_1_43' title='bbox 225 913 299 976; x_wconf 88' lang='lat' dir='ltr'>Quod</span> <span class='ocrx_word' id='word_1_44' title='bbox 310 932 386 982; x_wconf 86' lang='lat' dir='ltr'>neque</span> <span class='ocrx_word' id='word_1_45' title='bbox 399 919 452 966; x_wconf 89' lang='lat' dir='ltr'>sum</span> <span class='ocrx_word' id='word_1_46' title='bbox 462 916 534 968; x_wconf 88' lang='lat' dir='ltr'>cedro</span> <span class='ocrx_word' id='word_1_47' title='bbox 545 916 620 968; x_wconf 83' lang='lat' dir='ltr'>flavus</span> <span class='ocrx_word' id='word_1_48' title='bbox 630 953 638 978; x_wconf 93' lang='lat'>,</span> <span class='ocrx_word' id='word_1_49' title='bbox 650 935 693 967; x_wconf 89' lang='lat' dir='ltr'>nec</span> <span class='ocrx_word' id='word_1_50' title='bbox 704 919 798 982; x_wconf 84' lang='lat' dir='ltr'>pumice</span> <span class='ocrx_word' id='word_1_51' title='bbox 806 915 887 974; x_wconf 67' lang='lat' dir='ltr'>levis,</span> 
     </span>
     <span class='ocr_line' id='line_1_8' title="bbox 258 992 699 1046; baseline 0.002 -4"><span class='ocrx_word' id='word_1_52' title='bbox 258 993 348 1043; x_wconf 84' lang='lat' dir='ltr'>Erubui</span> <span class='ocrx_word' id='word_1_53' title='bbox 365 994 466 1046; x_wconf 87' lang='lat' dir='ltr'>domino</span> <span class='ocrx_word' id='word_1_54' title='bbox 478 996 566 1045; x_wconf 86' lang='lat' dir='ltr'>cultior</span> <span class='ocrx_word' id='word_1_55' title='bbox 577 992 624 1043; x_wconf 83' lang='lat' dir='ltr'>effe</span> <span class='ocrx_word' id='word_1_56' title='bbox 634 1012 699 1044; x_wconf 84' lang='lat' dir='ltr'>meo.</span> 
     </span>
     <span class='ocr_line' id='line_1_9' title="bbox 178 1069 842 1139; baseline -0.006 -15"><span class='ocrx_word' id='word_1_57' title='bbox 178 1074 203 1124; x_wconf 88' lang='lat'>¹5</span> <span class='ocrx_word' id='word_1_58' title='bbox 225 1069 304 1121; x_wconf 84' lang='lat' dir='ltr'>Litera</span> <span class='ocrx_word' id='word_1_59' title='bbox 318 1071 416 1122; x_wconf 85' lang='lat' dir='ltr'>suffusas</span> <span class='ocrx_word' id='word_1_60' title='bbox 431 1070 498 1139; x_wconf 89' lang='lat' dir='ltr'>quod</span> <span class='ocrx_word' id='word_1_61' title='bbox 513 1073 586 1122; x_wconf 87' lang='lat' dir='ltr'>habet</span> <span class='ocrx_word' id='word_1_62' title='bbox 603 1071 726 1122; x_wconf 86' lang='lat' dir='ltr'>maculosa</span> <span class='ocrx_word' id='word_1_63' title='bbox 741 1071 842 1132; x_wconf 78' lang='lat' dir='ltr'>lituras,</span> 
     </span>
     <span class='ocr_line' id='line_1_10' title="bbox 258 1148 742 1217; baseline 0.006 -20"><span class='ocrx_word' id='word_1_64' title='bbox 258 1148 329 1198; x_wconf 80' lang='lat' dir='ltr'>Laesit</span> <span class='ocrx_word' id='word_1_65' title='bbox 338 1167 396 1214; x_wconf 85' lang='lat' dir='ltr'>opus</span> <span class='ocrx_word' id='word_1_66' title='bbox 407 1150 518 1214; x_wconf 82' lang='lat' dir='ltr'>lacrymis</span> <span class='ocrx_word' id='word_1_67' title='bbox 526 1153 574 1215; x_wconf 86' lang='lat' dir='ltr'>ipse</span> <span class='ocrx_word' id='word_1_68' title='bbox 586 1156 657 1216; x_wconf 75' lang='lat' dir='ltr'>poe&#39;ta</span> <span class='ocrx_word' id='word_1_69' title='bbox 665 1152 742 1217; x_wconf 70' lang='lat' dir='ltr'>suum.</span> 
     </span>
     <span class='ocr_line' id='line_1_11' title="bbox 225 1225 783 1292; baseline 0.004 -16"><span class='ocrx_word' id='word_1_70' title='bbox 225 1227 249 1276; x_wconf 89' lang='lat' dir='ltr'>Si</span> <span class='ocrx_word' id='word_1_71' title='bbox 267 1243 315 1292; x_wconf 85' lang='lat' dir='ltr'>qua</span> <span class='ocrx_word' id='word_1_72' title='bbox 332 1225 476 1278; x_wconf 85' lang='lat' dir='ltr'>videbuntur</span> <span class='ocrx_word' id='word_1_73' title='bbox 485 1230 539 1278; x_wconf 84' lang='lat' dir='ltr'>casu</span> <span class='ocrx_word' id='word_1_74' title='bbox 550 1245 600 1278; x_wconf 87' lang='lat' dir='ltr'>non</span> <span class='ocrx_word' id='word_1_75' title='bbox 611 1227 672 1278; x_wconf 79' lang='lat' dir='ltr'>dana</span> <span class='ocrx_word' id='word_1_76' title='bbox 683 1228 783 1289; x_wconf 69' lang='lat' dir='ltr'>Latine,</span> 
     </span>
     <span class='ocr_line' id='line_1_12' title="bbox 225 1305 743 1371; baseline 0.008 -19"><span class='ocrx_word' id='word_1_77' title='bbox 225 1347 231 1358; x_wconf 70' lang='grc'>,</span> <span class='ocrx_word' id='word_1_78' title='bbox 257 1305 286 1354; x_wconf 90' lang='lat' dir='ltr'>ln</span> <span class='ocrx_word' id='word_1_79' title='bbox 302 1306 350 1371; x_wconf 71' lang='lat' dir='ltr'>qul</span> <span class='ocrx_word' id='word_1_80' title='bbox 361 1307 493 1362; x_wconf 83' lang='lat' dir='ltr'>scribebat,</span> <span class='ocrx_word' id='word_1_81' title='bbox 504 1307 603 1358; x_wconf 85' lang='lat' dir='ltr'>barbata</span> <span class='ocrx_word' id='word_1_82' title='bbox 615 1321 677 1356; x_wconf 81' lang='lat' dir='ltr'>terra</span> <span class='ocrx_word' id='word_1_83' title='bbox 688 1306 743 1356; x_wconf 83' lang='lat' dir='ltr'>fnit.</span> 
     </span>
     <span class='ocr_line' id='line_1_13' title="bbox 225 1382 879 1450; baseline 0.008 -18"><span class='ocrx_word' id='word_1_84' title='bbox 225 1383 326 1444; x_wconf 83' lang='lat' dir='ltr'>Dicite,</span> <span class='ocrx_word' id='word_1_85' title='bbox 341 1383 455 1444; x_wconf 67' lang='lat' dir='ltr'>leiiores,</span> <span class='ocrx_word' id='word_1_86' title='bbox 468 1387 486 1434; x_wconf 87' lang='lat' dir='ltr'>ei</span> <span class='ocrx_word' id='word_1_87' title='bbox 497 1401 546 1436; x_wconf 88' lang='lat' dir='ltr'>non</span> <span class='ocrx_word' id='word_1_88' title='bbox 557 1401 642 1450; x_wconf 83' lang='lat' dir='ltr'>grave,</span> <span class='ocrx_word' id='word_1_89' title='bbox 657 1383 744 1450; x_wconf 75' lang='lat' dir='ltr'>quasit</span> <span class='ocrx_word' id='word_1_90' title='bbox 753 1382 879 1445; x_wconf 77' lang='lat' dir='ltr'>eundum,</span> 
     </span>
     <span class='ocr_line' id='line_1_14' title="bbox 177 1461 819 1528; baseline -0.006 -15"><span class='ocrx_word' id='word_1_91' title='bbox 177 1472 208 1506; x_wconf 91' lang='lat'>20</span> <span class='ocrx_word' id='word_1_92' title='bbox 257 1463 458 1528; x_wconf 80' lang='lat' dir='ltr'>Quasquepetam</span> <span class='ocrx_word' id='word_1_93' title='bbox 470 1461 534 1513; x_wconf 87' lang='lat' dir='ltr'>sedes</span> <span class='ocrx_word' id='word_1_94' title='bbox 545 1465 629 1528; x_wconf 80' lang='lat' dir='ltr'>hospes</span> <span class='ocrx_word' id='word_1_95' title='bbox 640 1463 666 1511; x_wconf 88' lang='lat' dir='ltr'>in</span> <span class='ocrx_word' id='word_1_96' title='bbox 676 1461 741 1510; x_wconf 90' lang='lat' dir='ltr'>Urbe</span> <span class='ocrx_word' id='word_1_97' title='bbox 751 1463 819 1511; x_wconf 86' lang='lat' dir='ltr'>liber.</span> 
     </span>
     <span class='ocr_line' id='line_1_15' title="bbox 223 1539 827 1606; baseline -0.003 -16"><span class='ocrx_word' id='word_1_98' title='bbox 223 1540 280 1590; x_wconf 80' lang='lat' dir='ltr'>Haec</span> <span class='ocrx_word' id='word_1_99' title='bbox 291 1541 332 1589; x_wconf 93' lang='lat' dir='ltr'>ubi</span> <span class='ocrx_word' id='word_1_100' title='bbox 338 1541 390 1590; x_wconf 85' lang='lat' dir='ltr'>sum</span> <span class='ocrx_word' id='word_1_101' title='bbox 401 1540 482 1606; x_wconf 75' lang='lat' dir='ltr'>lingui</span> <span class='ocrx_word' id='word_1_102' title='bbox 494 1540 578 1589; x_wconf 84' lang='lat' dir='ltr'>furtim</span> <span class='ocrx_word' id='word_1_103' title='bbox 587 1543 704 1590; x_wconf 83' lang='lat' dir='ltr'>titubante</span> <span class='ocrx_word' id='word_1_104' title='bbox 715 1539 827 1600; x_wconf 80' lang='lat' dir='ltr'>locutus,</span> 
     </span>
     <span class='ocr_line' id='line_1_16' title="bbox 257 1617 816 1678; baseline 0.002 -12"><span class='ocrx_word' id='word_1_105' title='bbox 257 1617 305 1678; x_wconf 89' lang='lat' dir='ltr'>Qui</span> <span class='ocrx_word' id='word_1_106' title='bbox 315 1620 375 1666; x_wconf 88' lang='lat' dir='ltr'>mihi</span> <span class='ocrx_word' id='word_1_107' title='bbox 394 1619 549 1677; x_wconf 83' lang='lat' dir='ltr'>monstraret,</span> <span class='ocrx_word' id='word_1_108' title='bbox 563 1621 604 1668; x_wconf 84' lang='lat' dir='ltr'>vix</span> <span class='ocrx_word' id='word_1_109' title='bbox 615 1618 662 1667; x_wconf 84' lang='lat' dir='ltr'>fuit</span> <span class='ocrx_word' id='word_1_110' title='bbox 673 1634 733 1667; x_wconf 78' lang='lat' dir='ltr'>unus</span> <span class='ocrx_word' id='word_1_111' title='bbox 741 1621 816 1678; x_wconf 25' lang='lat' dir='ltr'>,2iter.</span> 
     </span>
     <span class='ocr_line' id='line_1_17' title="bbox 223 1685 867 1762; baseline 0.003 -18"><span class='ocrx_word' id='word_1_112' title='bbox 223 1685 257 1744; x_wconf 73' lang='lat' dir='ltr'>Di</span> <span class='ocrx_word' id='word_1_113' title='bbox 271 1696 314 1744; x_wconf 90' lang='lat' dir='ltr'>tibl</span> <span class='ocrx_word' id='word_1_114' title='bbox 325 1693 397 1754; x_wconf 88' lang='lat' dir='ltr'>dent,</span> <span class='ocrx_word' id='word_1_115' title='bbox 411 1696 492 1745; x_wconf 82' lang='lat' dir='ltr'>nostro</span> <span class='ocrx_word' id='word_1_116' title='bbox 507 1695 573 1762; x_wconf 90' lang='lat' dir='ltr'>quod</span> <span class='ocrx_word' id='word_1_117' title='bbox 584 1713 634 1745; x_wconf 90' lang='lat' dir='ltr'>non</span> <span class='ocrx_word' id='word_1_118' title='bbox 646 1696 747 1745; x_wconf 66' lang='lat' dir='ltr'>tribuite</span> <span class='ocrx_word' id='word_1_119' title='bbox 762 1699 867 1762; x_wconf 83' lang='lat' dir='ltr'>parenti,</span> 
     </span>
     <span class='ocr_line' id='line_1_18' title="bbox 257 1771 727 1838; baseline 0 -16"><span class='ocrx_word' id='word_1_120' title='bbox 257 1773 367 1823; x_wconf 86' lang='lat' dir='ltr'>Molliter</span> <span class='ocrx_word' id='word_1_121' title='bbox 381 1776 406 1822; x_wconf 88' lang='lat' dir='ltr'>in</span> <span class='ocrx_word' id='word_1_122' title='bbox 418 1773 495 1838; x_wconf 72' lang='lat' dir='ltr'>patrii</span> <span class='ocrx_word' id='word_1_123' title='bbox 504 1777 583 1824; x_wconf 86' lang='lat' dir='ltr'>vivere</span> <span class='ocrx_word' id='word_1_124' title='bbox 599 1771 665 1838; x_wconf 82' lang='lat' dir='ltr'>polle</span> <span class='ocrx_word' id='word_1_125' title='bbox 678 1773 727 1824; x_wconf 75' lang='lat' dir='ltr'>turi.</span> 
     </span>
     <span class='ocr_line' id='line_1_19' title="bbox 178 1850 940 1923; baseline 0.01 -27"><span class='ocrx_word' id='word_1_126' title='bbox 178 1851 205 1896; x_wconf 86' lang='lat'>25</span> <span class='ocrx_word' id='word_1_127' title='bbox 225 1850 279 1900; x_wconf 89' lang='lat' dir='ltr'>Duc</span> <span class='ocrx_word' id='word_1_128' title='bbox 290 1867 347 1916; x_wconf 84' lang='lat' dir='ltr'>age,</span> <span class='ocrx_word' id='word_1_129' title='bbox 360 1868 464 1917; x_wconf 80' lang='lat' dir='ltr'>namque</span> <span class='ocrx_word' id='word_1_130' title='bbox 476 1853 576 1918; x_wconf 81' lang='lat' dir='ltr'>sequor:</span> <span class='ocrx_word' id='word_1_131' title='bbox 589 1855 697 1917; x_wconf 83' lang='lat' dir='ltr'>quamvis</span> <span class='ocrx_word' id='word_1_132' title='bbox 709 1851 818 1918; x_wconf 78' lang='lat' dir='ltr'>tetrique</span> <span class='ocrx_word' id='word_1_133' title='bbox 829 1855 940 1923; x_wconf 85' lang='lat' dir='ltr'>marique</span> 
     </span>
     <span class='ocr_line' id='line_1_20' title="bbox 256 1929 806 1996; baseline 0.004 -18"><span class='ocrx_word' id='word_1_134' title='bbox 256 1929 400 1996; x_wconf 76' lang='lat' dir='ltr'>longinquo</span> <span class='ocrx_word' id='word_1_135' title='bbox 411 1930 512 1980; x_wconf 84' lang='lat' dir='ltr'>referam</span> <span class='ocrx_word' id='word_1_136' title='bbox 523 1929 592 1979; x_wconf 85' lang='lat' dir='ltr'>laffus</span> <span class='ocrx_word' id='word_1_137' title='bbox 602 1931 633 1978; x_wconf 85' lang='lat' dir='ltr'>ab</span> <span class='ocrx_word' id='word_1_138' title='bbox 643 1931 701 1979; x_wconf 91' lang='lat' dir='ltr'>orbe</span> <span class='ocrx_word' id='word_1_139' title='bbox 712 1929 806 1995; x_wconf 87' lang='lat' dir='ltr'>pedem.</span> 
     </span>
     <span class='ocr_line' id='line_1_21' title="bbox 224 2006 910 2076; baseline 0.007 -20"><span class='ocrx_word' id='word_1_140' title='bbox 224 2007 321 2067; x_wconf 77' lang='lat' dir='ltr'>Paruit3</span> <span class='ocrx_word' id='word_1_141' title='bbox 333 2011 357 2058; x_wconf 90' lang='lat'>&amp;</span> <span class='ocrx_word' id='word_1_142' title='bbox 369 2006 472 2069; x_wconf 81' lang='lat' dir='ltr'>ducens,</span> <span class='ocrx_word' id='word_1_143' title='bbox 483 2008 541 2058; x_wconf 78' lang='lat' dir='ltr'>llaec</span> <span class='ocrx_word' id='word_1_144' title='bbox 553 2010 607 2057; x_wconf 87' lang='lat' dir='ltr'>sunt</span> <span class='ocrx_word' id='word_1_145' title='bbox 616 2009 677 2056; x_wconf 78' lang='lat' dir='ltr'>Fora</span> <span class='ocrx_word' id='word_1_146' title='bbox 687 2007 804 2069; x_wconf 81' lang='lat' dir='ltr'>Caesaris,</span> <span class='ocrx_word' id='word_1_147' title='bbox 816 2012 910 2076; x_wconf 76' lang='lat' dir='ltr'>inquita</span> 
     </span>
     <span class='ocr_line' id='line_1_22' title="bbox 181 2085 776 2152; baseline -0.002 -18"><span class='ocrx_word' id='word_1_148' title='bbox 181 2139 183 2144; x_wconf 68' lang='lat'>,</span> <span class='ocrx_word' id='word_1_149' title='bbox 256 2085 313 2135; x_wconf 85' lang='lat' dir='ltr'>Htec</span> <span class='ocrx_word' id='word_1_150' title='bbox 326 2086 358 2135; x_wconf 84' lang='lat' dir='ltr'>est</span> <span class='ocrx_word' id='word_1_151' title='bbox 372 2103 386 2136; x_wconf 87' lang='lat' dir='ltr'>a</span> <span class='ocrx_word' id='word_1_152' title='bbox 398 2087 468 2136; x_wconf 84' lang='lat' dir='ltr'>sacris</span> <span class='ocrx_word' id='word_1_153' title='bbox 483 2102 535 2152; x_wconf 78' lang='lat' dir='ltr'>quae</span> <span class='ocrx_word' id='word_1_154' title='bbox 545 2089 586 2136; x_wconf 81' lang='lat' dir='ltr'>via</span> <span class='ocrx_word' id='word_1_155' title='bbox 595 2102 685 2134; x_wconf 85' lang='lat' dir='ltr'>nomen</span> <span class='ocrx_word' id='word_1_156' title='bbox 695 2086 776 2134; x_wconf 85' lang='lat' dir='ltr'>babet.</span> 
     </span>
     <span class='ocr_line' id='line_1_23' title="bbox 224 2161 973 2228; baseline 0 -16"><span class='ocrx_word' id='word_1_157' title='bbox 224 2161 272 2212; x_wconf 85' lang='lat' dir='ltr'>llic</span> <span class='ocrx_word' id='word_1_158' title='bbox 284 2163 351 2213; x_wconf 79' lang='lat' dir='ltr'>focus</span> <span class='ocrx_word' id='word_1_159' title='bbox 362 2163 395 2213; x_wconf 88' lang='lat' dir='ltr'>est</span> <span class='ocrx_word' id='word_1_160' title='bbox 405 2163 496 2220; x_wconf 79' lang='lat' dir='ltr'>Vestae,</span> <span class='ocrx_word' id='word_1_161' title='bbox 506 2167 548 2228; x_wconf 88' lang='lat' dir='ltr'>qul</span> <span class='ocrx_word' id='word_1_162' title='bbox 559 2161 658 2212; x_wconf 80' lang='lat' dir='ltr'>Pallada</span> <span class='ocrx_word' id='word_1_163' title='bbox 667 2164 744 2212; x_wconf 78' lang='lat' dir='ltr'>serrat</span> <span class='ocrx_word' id='word_1_164' title='bbox 754 2166 779 2211; x_wconf 79' lang='lat' dir='ltr'>bt</span> <span class='ocrx_word' id='word_1_165' title='bbox 791 2165 887 2227; x_wconf 77' lang='lat' dir='ltr'>ignetur</span> <span class='ocrx_word' id='word_1_166' title='bbox 971 2222 973 2224; x_wconf 26' lang='grc'>,</span> 
     </span>
     <span class='ocr_line' id='line_1_24' title="bbox 178 2239 735 2306; baseline -0.004 -16"><span class='ocrx_word' id='word_1_167' title='bbox 178 2246 207 2290; x_wconf 80' lang='lat'>30</span> <span class='ocrx_word' id='word_1_168' title='bbox 256 2239 303 2290; x_wconf 85' lang='lat' dir='ltr'>Hic</span> <span class='ocrx_word' id='word_1_169' title='bbox 315 2240 361 2290; x_wconf 90' lang='lat' dir='ltr'>fuit</span> <span class='ocrx_word' id='word_1_170' title='bbox 376 2244 468 2306; x_wconf 83' lang='lat' dir='ltr'>antiqui</span> <span class='ocrx_word' id='word_1_171' title='bbox 479 2243 543 2306; x_wconf 88' lang='lat' dir='ltr'>regia</span> <span class='ocrx_word' id='word_1_172' title='bbox 557 2256 629 2304; x_wconf 81' lang='lat' dir='ltr'>parva</span> <span class='ocrx_word' id='word_1_173' title='bbox 639 2240 735 2289; x_wconf 69' lang='lat' dir='ltr'>Numa.</span> 
     </span>
     <span class='ocr_line' id='line_1_25' title="bbox 223 2317 887 2384; baseline 0 -17"><span class='ocrx_word' id='word_1_174' title='bbox 223 2317 282 2368; x_wconf 87' lang='lat' dir='ltr'>lnde</span> <span class='ocrx_word' id='word_1_175' title='bbox 297 2335 378 2384; x_wconf 85' lang='lat' dir='ltr'>petens</span> <span class='ocrx_word' id='word_1_176' title='bbox 390 2317 513 2378; x_wconf 78' lang='lat' dir='ltr'>dextram,</span> <span class='ocrx_word' id='word_1_177' title='bbox 527 2318 599 2369; x_wconf 87' lang='lat' dir='ltr'>Porta</span> <span class='ocrx_word' id='word_1_178' title='bbox 607 2317 720 2377; x_wconf 80' lang='lat' dir='ltr'>est,ait‚</span> <span class='ocrx_word' id='word_1_179' title='bbox 736 2317 778 2368; x_wconf 82' lang='lat' dir='ltr'>ista</span> <span class='ocrx_word' id='word_1_180' title='bbox 792 2317 887 2368; x_wconf 82' lang='lat' dir='ltr'>Palati:</span> 
     </span>
     <span class='ocr_line' id='line_1_26' title="bbox 257 2394 906 2462; baseline 0 -16"><span class='ocrx_word' id='word_1_181' title='bbox 257 2398 303 2446; x_wconf 86' lang='lat' dir='ltr'>Hic</span> <span class='ocrx_word' id='word_1_182' title='bbox 318 2399 397 2448; x_wconf 84' lang='lat' dir='ltr'>Stator</span> <span class='ocrx_word' id='word_1_183' title='bbox 408 2415 414 2445; x_wconf 75' lang='grc' dir='ltr'><strong><em>ι</em></strong></span> <span class='ocrx_word' id='word_1_184' title='bbox 426 2399 472 2446; x_wconf 88' lang='lat' dir='ltr'>hoc</span> <span class='ocrx_word' id='word_1_185' title='bbox 483 2399 588 2462; x_wconf 78' lang='lat' dir='ltr'>primum</span> <span class='ocrx_word' id='word_1_186' title='bbox 599 2394 697 2445; x_wconf 87' lang='lat' dir='ltr'>condita</span> <span class='ocrx_word' id='word_1_187' title='bbox 708 2397 786 2447; x_wconf 84' lang='lat' dir='ltr'>Roma</span> <span class='ocrx_word' id='word_1_188' title='bbox 797 2396 852 2447; x_wconf 85' lang='lat' dir='ltr'>loto</span> <span class='ocrx_word' id='word_1_189' title='bbox 863 2396 906 2446; x_wconf 81' lang='lat' dir='ltr'>eil.</span> 
     </span>
     <span class='ocr_line' id='line_1_27' title="bbox 223 2472 815 2542; baseline -0.005 -16"><span class='ocrx_word' id='word_1_190' title='bbox 223 2476 320 2542; x_wconf 82' lang='lat' dir='ltr'>Singula</span> <span class='ocrx_word' id='word_1_191' title='bbox 331 2474 389 2525; x_wconf 87' lang='lat' dir='ltr'>dum</span> <span class='ocrx_word' id='word_1_192' title='bbox 400 2478 492 2530; x_wconf 83' lang='lat' dir='ltr'>miror,</span> <span class='ocrx_word' id='word_1_193' title='bbox 502 2472 575 2524; x_wconf 80' lang='lat' dir='ltr'>video</span> <span class='ocrx_word' id='word_1_194' title='bbox 587 2473 733 2538; x_wconf 78' lang='lat' dir='ltr'>fulgentibus</span> <span class='ocrx_word' id='word_1_195' title='bbox 744 2477 815 2523; x_wconf 76' lang='lat' dir='ltr'>armis</span> 
     </span>
     <span class='ocr_line' id='line_1_28' title="bbox 255 2551 800 2618; baseline -0.013 -13"><span class='ocrx_word' id='word_1_196' title='bbox 255 2553 406 2618; x_wconf 77' lang='lat' dir='ltr'>Conspicuon</span> <span class='ocrx_word' id='word_1_197' title='bbox 417 2553 493 2618; x_wconf 83' lang='lat' dir='ltr'>postes</span> <span class='ocrx_word' id='word_1_198' title='bbox 505 2585 512 2611; x_wconf 90' lang='lat'>,</span> <span class='ocrx_word' id='word_1_199' title='bbox 532 2553 639 2618; x_wconf 65' lang='lat' dir='ltr'>testaque</span> <span class='ocrx_word' id='word_1_200' title='bbox 653 2551 726 2617; x_wconf 85' lang='lat' dir='ltr'>digna</span> <span class='ocrx_word' id='word_1_201' title='bbox 736 2551 800 2601; x_wconf 89' lang='lat' dir='ltr'>Deo.</span> 
     </span>
     <span class='ocr_line' id='line_1_29' title="bbox 178 2628 939 2696; baseline 0.004 -18"><span class='ocrx_word' id='word_1_202' title='bbox 178 2630 204 2678; x_wconf 81' lang='lat'>35</span> <span class='ocrx_word' id='word_1_203' title='bbox 223 2633 260 2682; x_wconf 79' lang='lat' dir='ltr'>An</span> <span class='ocrx_word' id='word_1_204' title='bbox 271 2632 335 2682; x_wconf 80' lang='lat' dir='ltr'>lovis</span> <span class='ocrx_word' id='word_1_205' title='bbox 345 2633 394 2680; x_wconf 81' lang='lat' dir='ltr'>baec</span> <span class='ocrx_word' id='word_1_206' title='bbox 404 2665 412 2690; x_wconf 94' lang='lat'>,</span> <span class='ocrx_word' id='word_1_207' title='bbox 424 2628 484 2689; x_wconf 84' lang='lat' dir='ltr'>dixi,</span> <span class='ocrx_word' id='word_1_208' title='bbox 496 2628 583 2680; x_wconf 83' lang='lat' dir='ltr'>domus</span> <span class='ocrx_word' id='word_1_209' title='bbox 593 2629 638 2679; x_wconf 74' lang='lat' dir='ltr'>est?</span> <span class='ocrx_word' id='word_1_210' title='bbox 648 2628 716 2696; x_wconf 89' lang='lat' dir='ltr'>quod</span> <span class='ocrx_word' id='word_1_211' title='bbox 726 2646 753 2680; x_wconf 86' lang='lat' dir='ltr'>ut</span> <span class='ocrx_word' id='word_1_212' title='bbox 760 2628 806 2680; x_wconf 72' lang='lat' dir='ltr'>elie</span> <span class='ocrx_word' id='word_1_213' title='bbox 815 2645 939 2696; x_wconf 86' lang='lat' dir='ltr'>putarem,</span> 
     </span>
     <span class='ocr_line' id='line_1_30' title="bbox 257 2707 765 2774; baseline -0.008 -16"><span class='ocrx_word' id='word_1_214' title='bbox 257 2710 387 2773; x_wconf 78' lang='lat' dir='ltr'>Augurium</span> <span class='ocrx_word' id='word_1_215' title='bbox 400 2710 475 2758; x_wconf 89' lang='lat' dir='ltr'>menti</span> <span class='ocrx_word' id='word_1_216' title='bbox 484 2723 573 2774; x_wconf 84' lang='lat' dir='ltr'>querna</span> <span class='ocrx_word' id='word_1_217' title='bbox 584 2724 674 2757; x_wconf 80' lang='lat' dir='ltr'>corona</span> <span class='ocrx_word' id='word_1_218' title='bbox 685 2707 765 2758; x_wconf 87' lang='lat' dir='ltr'>dabat.</span> 
     </span>
     <span class='ocr_line' id='line_1_31' title="bbox 224 2784 918 2852; baseline -0.001 -14"><span class='ocrx_word' id='word_1_219' title='bbox 224 2786 300 2850; x_wconf 76' lang='lat' dir='ltr'>Cujus</span> <span class='ocrx_word' id='word_1_220' title='bbox 312 2800 339 2836; x_wconf 89' lang='lat' dir='ltr'>ut</span> <span class='ocrx_word' id='word_1_221' title='bbox 352 2789 431 2851; x_wconf 84' lang='lat' dir='ltr'>accepi</span> <span class='ocrx_word' id='word_1_222' title='bbox 442 2784 586 2846; x_wconf 85' lang='lat' dir='ltr'>dominum,</span> <span class='ocrx_word' id='word_1_223' title='bbox 599 2785 657 2834; x_wconf 91' lang='lat' dir='ltr'>Non</span> <span class='ocrx_word' id='word_1_224' title='bbox 666 2785 789 2842; x_wconf 81' lang='lat' dir='ltr'>fallimur,</span> <span class='ocrx_word' id='word_1_225' title='bbox 799 2789 897 2852; x_wconf 86' lang='lat' dir='ltr'>inquam</span> <span class='ocrx_word' id='word_1_226' title='bbox 910 2806 918 2842; x_wconf 72' lang='grc' dir='ltr'>ς</span> 
     </span>
     <span class='ocr_line' id='line_1_32' title="bbox 255 2861 834 2930; baseline 0.002 -17"><span class='ocrx_word' id='word_1_227' title='bbox 255 2863 286 2913; x_wconf 88' lang='lat' dir='ltr'>Et</span> <span class='ocrx_word' id='word_1_228' title='bbox 295 2867 376 2930; x_wconf 85' lang='lat' dir='ltr'>magni</span> <span class='ocrx_word' id='word_1_229' title='bbox 386 2880 470 2914; x_wconf 88' lang='lat' dir='ltr'>verum</span> <span class='ocrx_word' id='word_1_230' title='bbox 476 2864 509 2914; x_wconf 84' lang='lat' dir='ltr'>est</span> <span class='ocrx_word' id='word_1_231' title='bbox 519 2866 580 2914; x_wconf 83' lang='lat' dir='ltr'>baut</span> <span class='ocrx_word' id='word_1_232' title='bbox 589 2865 655 2913; x_wconf 82' lang='lat' dir='ltr'>lovis</span> <span class='ocrx_word' id='word_1_233' title='bbox 666 2861 713 2912; x_wconf 82' lang='lat' dir='ltr'>effe</span> <span class='ocrx_word' id='word_1_234' title='bbox 723 2863 834 2914; x_wconf 88' lang='lat' dir='ltr'>domum.</span> 
     </span>
     <span class='ocr_line' id='line_1_33' title="bbox 224 2941 768 3008; baseline 0 -16"><span class='ocrx_word' id='word_1_235' title='bbox 224 2941 276 2992; x_wconf 91' lang='lat' dir='ltr'>Cur</span> <span class='ocrx_word' id='word_1_236' title='bbox 290 2957 370 2996; x_wconf 84' lang='lat' dir='ltr'>tamen</span> <span class='ocrx_word' id='word_1_237' title='bbox 380 2941 488 3008; x_wconf 75' lang='lat' dir='ltr'>appositi</span> <span class='ocrx_word' id='word_1_238' title='bbox 497 2941 591 2993; x_wconf 82' lang='lat' dir='ltr'>velatur</span> <span class='ocrx_word' id='word_1_239' title='bbox 600 2946 672 3008; x_wconf 83' lang='lat' dir='ltr'>janua</span> <span class='ocrx_word' id='word_1_240' title='bbox 682 2941 768 2992; x_wconf 76' lang='lat' dir='ltr'>lauro?</span> 
     </span>
     <span class='ocr_line' id='line_1_34' title="bbox 175 3015 776 3086; baseline -0.003 -16"><span class='ocrx_word' id='word_1_241' title='bbox 175 3015 206 3063; x_wconf 74' lang='grc' dir='ltr'>4Ο</span> <span class='ocrx_word' id='word_1_242' title='bbox 257 3019 342 3086; x_wconf 87' lang='lat' dir='ltr'>Cingit</span> <span class='ocrx_word' id='word_1_243' title='bbox 357 3023 381 3069; x_wconf 74' lang='grc' dir='ltr'>δε</span> <span class='ocrx_word' id='word_1_244' title='bbox 398 3019 504 3085; x_wconf 84' lang='lat' dir='ltr'>augustas</span> <span class='ocrx_word' id='word_1_245' title='bbox 519 3021 590 3070; x_wconf 90' lang='lat' dir='ltr'>arbor</span> <span class='ocrx_word' id='word_1_246' title='bbox 605 3036 681 3084; x_wconf 83' lang='lat' dir='ltr'>opaca</span> <span class='ocrx_word' id='word_1_247' title='bbox 696 3019 776 3070; x_wconf 71' lang='lat' dir='ltr'>fores?</span> 
     </span>
     <span class='ocr_line' id='line_1_35' title="bbox 226 3095 911 3171; baseline 0 -22"><span class='ocrx_word' id='word_1_248' title='bbox 226 3100 292 3150; x_wconf 85' lang='lat' dir='ltr'>Num</span> <span class='ocrx_word' id='word_1_249' title='bbox 306 3102 362 3166; x_wconf 78' lang='lat' dir='ltr'>quia</span> <span class='ocrx_word' id='word_1_250' title='bbox 371 3112 497 3166; x_wconf 87' lang='lat' dir='ltr'>perpetuos</span> <span class='ocrx_word' id='word_1_251' title='bbox 502 3100 595 3155; x_wconf 68' lang='lat' dir='ltr'>,meruit</span> <span class='ocrx_word' id='word_1_252' title='bbox 606 3095 693 3149; x_wconf 81' lang='lat' dir='ltr'>domus</span> <span class='ocrx_word' id='word_1_253' title='bbox 702 3112 750 3148; x_wconf 81' lang='lat' dir='ltr'>una</span> <span class='ocrx_word' id='word_1_254' title='bbox 760 3096 911 3171; x_wconf 67' lang='lat' dir='ltr'>triumphet?</span> 
     </span>
    </p>
   </div>
   <div class='ocr_carea' id='block_1_3' title="bbox 370 3369 473 3397">
    <p class='ocr_par' dir='ltr' id='par_1_3' title="bbox 370 3369 473 3397">
     <span class='ocr_line' id='line_1_36' title="bbox 370 3369 473 3397; baseline 0 0"><span class='ocrx_word' id='word_1_255' title='bbox 370 3375 373 3379; x_wconf 94' lang='lat'>&#39;</span> <span class='ocrx_word' id='word_1_256' title='bbox 453 3369 473 3397; x_wconf 44' lang='grc' dir='ltr'>ἃ</span> 
     </span>
    </p>
   </div>
   <div class='ocr_carea' id='block_1_4' title="bbox 0 0 1168 3959">
    <p class='ocr_par' dir='ltr' id='par_1_4' title="bbox 0 0 1168 3959">
     <span class='ocr_line' id='line_1_37' title="bbox 0 0 1168 3959; baseline 0 0"><span class='ocrx_word' id='word_1_257' title='bbox 0 0 1168 3959; x_wconf 95' lang='lat' dir='ltr'> </span> 
     </span>
    </p>
   </div>
  </div>
 </body>
</html>
