2325 3959
346 379 410 442 312
470 355 514 422 P.
544 357 701 423 omnir
723 358 926 423 NAsoturs

287 474 318 523 ⁴5
338 476 373 524 Te
384 472 478 526 dicente
488 475 566 541 prius,
578 476 606 525 fit
615 480 724 541 protinus
735 479 836 543 impetus
847 476 887 525 illi
900 495 908 523 t

369 554 451 620 Teque
462 557 547 610 habet,
560 553 640 603 elicias
652 558 695 619 qui
705 555 744 602 sua
754 556 825 603 verba
836 558 896 603 tuis.

335 629 401 681 Cum
419 647 444 680 tu
461 630 557 687 desisti,
572 632 731 697 mortaliaque
742 648 783 679 ora
794 632 909 695 quiitunt
917 664 928 685 ,

368 707 503 774 Clausaque
511 704 561 757 non
572 709 644 772 longi
656 712 791 757 conticuere
801 708 889 766 mor33

335 785 415 847 Surgit
435 787 501 835 liileo
525 789 615 850 juvenis
633 790 777 849 cognomine
794 784 899 849 dignus,

287 861 318 908 50
366 861 449 921 Qualis
464 864 493 910 ab
510 863 566 911 Eois
584 862 679 911 Lucifer
696 868 744 911 exit
759 866 834 927 aquis.

333 937 445 1004 Dumque
457 938 527 987 silens
542 939 616 995 astat,
633 939 703 989 status
715 940 747 987 est
757 939 884 1005 vultusque
896 936 1006 999 diserti,

365 1018 482 1082 Spemque
491 1016 575 1065 decens
587 1016 661 1067 docte
673 1021 739 1068 vocis
749 1020 846 1065 amilius
855 1018 945 1065 habet.

331 1094 409 1153 Mox,
426 1096 466 1143 ubi
476 1096 542 1158 pulsa
551 1112 618 1145 mota
629 1096 678 1157 est,
696 1110 766 1160 atque
774 1112 803 1143 ot
813 1094 910 1143 coeleste
923 1096 1047 1153 solutum,

363 1172 417 1221 Hoc
428 1174 528 1237 Superos
540 1177 601 1236 jures
611 1189 677 1221 more
688 1172 762 1220 solere
773 1171 849 1236 loqui.

192 1257 202 1270 ⁸
284 1243 312 1293 55
330 1249 424 1315 Atque,
436 1250 493 1299 Haec
505 1250 548 1305 est,
563 1249 644 1309 dicas,
658 1248 770 1299 facundie
784 1250 893 1313 Principe
905 1246 1000 1314 digna,

362 1328 466 1393 Eloquio
478 1328 571 1377 tanttltn
583 1328 715 1376 nobilitatis
725 1326 792 1376 inest.

328 1405 393 1454 Huic
403 1420 429 1454 tu
439 1404 495 1454 ctlm
509 1406 601 1470 placeas
610 1440 619 1464 ,
634 1410 657 1455 &
668 1408 757 1470 vertice
767 1403 843 1456 sidera
854 1419 959 1468 tangas,

357 1485 451 1547 Scripta
467 1499 546 1532 tamen
560 1482 658 1548 profugi
672 1485 732 1533 vatis
747 1480 854 1531 habenda
871 1497 960 1545 putas.

326 1560 423 1610 Scilicet
439 1564 539 1625 ingeniis
553 1560 633 1626 aliqua
649 1560 681 1609 est
695 1558 823 1609 concordia
838 1560 946 1622 juncus,

279 1637 313 1677 ⁶0
361 1638 392 1686 Et
409 1639 486 1686 servat
504 1636 573 1686 studii
590 1636 681 1687 foedera
694 1641 793 1703 quisque
806 1638 849 1686 sui.

328 1716 435 1763 Rusticus
448 1715 594 1781 agricolam,
605 1715 673 1763 miles
686 1716 734 1763 fera
745 1714 807 1763 bella
818 1728 963 1780 gerentem,

356 1795 481 1841 Reiiorem
493 1790 570 1842 dubie
579 1795 660 1841 navita
671 1796 753 1859 puppis
768 1806 840 1841 amat.

323 1870 362 1920 Tu
375 1886 470 1937 quoque
481 1868 601 1920 Pi‘e'ridum
613 1868 706 1931 studio,
721 1868 837 1928 studiose,
851 1872 939 1918 teneris
950 1887 959 1928 3

315 2006 321 2017 Ι
355 1948 501 2013 ingenioque
512 1948 589 2001 laves,
602 1948 817 2011 ingeniose‚meo.
1023 1946 1024 1949 ’

273 2021 302 2074 ⁶5
321 2025 399 2075 Distat
416 2041 475 2089 opus
493 2025 616 2083 nostrum5
632 2022 672 2073 sed
685 2024 790 2072 fontibus
801 2025 849 2071 exit
863 2022 893 2071 ab
907 2021 1007 2077 isdem:

277 2092 279 2096 ¹
304 2110 307 2115 '
353 2105 415 2152 Artis
435 2106 459 2151 δι
477 2106 585 2167 ingenuae
601 2102 680 2151 cultor
694 2116 792 2168 uterque
811 2103 901 2149 sumus.

321 2181 426 2243 Thyrius
438 2184 502 2229 enirn
511 2182 580 2231 vobis
590 2179 693 2245 ,gestata
704 2179 736 2227 est
747 2178 824 2227 laurea
834 2180 906 2229 nobis
916 2197 924 2239 3

352 2257 399 2308 sed
410 2274 489 2307 tamen
500 2258 617 2307 ambobus
629 2254 699 2305 debet
709 2254 780 2307 iness'e
790 2256 864 2305 calor.

319 2334 400 2399 thue
411 2336 469 2383 meis
479 2337 582 2382 numeris
595 2350 634 2383 tua
648 2333 689 2382 dat
699 2332 809 2383 Facundia
820 2351 906 2393 nervos
918 2355 925 2386 2

268 2422 303 2465 7⁹
351 2414 388 2461 Sic
399 2414 465 2459 venit
475 2412 566 2458 anobis
577 2414 602 2459 in
616 2427 654 2460 tua
662 2412 733 2461 verba
745 2414 817 2460 nitor.

317 2491 372 2539 lure
383 2490 455 2553 igitur
464 2485 541 2535 studio
549 2488 653 2536 confinia
662 2492 765 2540 carmina
773 2488 865 2549 vestro,

349 2568 381 2617 Et
392 2565 530 2615 commilitii
541 2568 604 2615 sacra
615 2565 702 2615 tuenda
714 2578 789 2631 putas.

315 2644 362 2694 Pro
373 2647 457 2709 quibus
468 2659 495 2691 ut
505 2658 616 2703 maneat,
627 2642 656 2692 de
667 2660 715 2708 quo
726 2646 840 2704 censeris,
854 2648 946 2698 amicus
958 2686 967 2711 ,

347 2723 496 2787 Compreeor
506 2718 537 2769 ad
548 2724 602 2770 vitae
613 2736 720 2785 tempora
730 2722 821 2771 summa
833 2735 878 2773 tuae
890 2743 896 2772 :

266 2818 296 2868 75
314 2798 475 2864 Succedatque
486 2802 531 2846 tuis
542 2800 605 2847 orbis
617 2797 753 2847 moderator
762 2800 859 2849 habenis
871 2820 876 2847 :

348 2874 422 2939 Quod
438 2871 532 2926 mecum
548 2876 632 2944 populi
649 2892 705 2927 vota
720 2893 846 2941 precantur
862 2878 939 2931 idem.

871 3120 1026 3177 EPISTOLA
