2325 3959
286 398 350 481 308
425 392 465 461 P.
490 394 646 461 Ovum
668 394 865 460 NAsouts

315 515 350 561 Te
367 508 417 562 fieti
436 517 551 562 comitem
568 513 649 562 stantis
662 514 690 561 ‘iu
708 514 765 562 orbe
780 512 848 562 Dee.

281 592 373 639 Plrmus
394 607 432 650 es;
445 585 490 650 4δι,
505 594 620 658 quonlam
634 606 684 639 nou
699 592 805 650 suntet,
818 586 908 654 qualia
920 586 1031 645 velles,

313 668 374 719 Vela
395 672 456 733 tegis
473 665 559 733 quallae
574 667 757 733 qualiacumque
772 671 837 715 ratis.

282 745 387 812 Quaque
405 749 438 795 ita
453 742 564 795 conculsa
581 744 630 804 est,
647 759 674 793 ut
687 748 736 809 jam
751 745 832 793 casura
843 758 982 811 putetur,

234 827 265 863 60
315 824 393 872 Restat
408 821 485 872 adhuc
502 824 607 869 humeris
623 820 683 869 fulta
696 824 764 868 ruina
777 823 833 869 tuis.

282 900 318 949 lta
335 897 433 965 quidem
448 897 528 964 primu
544 898 621 946 fuerat
638 910 678 945 tua
692 896 767 961 justa,
783 914 826 946 nec
844 899 904 963 ipso

314 976 419 1030 Lenior,
442 973 545 1023 offensus
564 978 606 1039 qui
622 976 681 1021 mihi
693 978 743 1038 jure
759 974 814 1023 fuit.

283 1054 378 1119 Quique
394 1052 466 1105 dulor
481 1054 559 1116 pectus
578 1046 691 1115 tetigisset
706 1050 804 1101 Cesaris
821 1052 888 1112 alti,

315 1132 388 1179 lllnm
399 1130 492 1193 jurabas
509 1132 618 1193 protinus
636 1126 682 1177 ess'e
696 1142 773 1177 tuum.

235 1210 263 1263 65
286 1206 318 1255 Ut
335 1221 414 1255 tamen
434 1203 516 1255 audita
532 1206 564 1254 est
578 1204 662 1254 nostre
681 1207 724 1255 tibi
741 1204 814 1255 cladis
830 1210 933 1276 origo,

316 1283 409 1333 Diceris
420 1286 501 1331 erratis
512 1279 652 1347 ingemuiss'e
662 1287 729 1333 meis.

285 1362 348 1410 Tum
371 1376 412 1409 tua
430 1376 469 1408 me
485 1360 590 1423 primum
608 1360 679 1409 solati
695 1361 764 1410 litera
778 1365 866 1426 coeplt3

315 1438 347 1487 Et
360 1438 441 1486 lesum
454 1436 514 1485 flecti
531 1440 596 1501 spem
613 1436 669 1485 dare
687 1436 752 1502 polle
769 1438 858 1487 Deum.

284 1515 366 1565 Movit
382 1518 494 1566 amicitie
515 1530 566 1563 tum
589 1530 612 1565 te
634 1518 764 1565 constantia
780 1516 877 1579 longe,

218 1592 221 1596 ’
236 1604 267 1649 70
317 1593 377 1641 Ante
398 1605 452 1642 tuos
470 1608 535 1642 ortus
552 1609 605 1659 quae
622 1595 682 1641 mihi
700 1608 778 1659 coepta
794 1594 848 1641 fult.

284 1668 315 1717 Et
331 1666 398 1733 quod
415 1685 465 1717 eras
484 1671 537 1718 aliis
556 1670 647 1729 fadus,
667 1672 728 1719 mihi
748 1686 815 1719 natus
832 1674 932 1723 amicus
950 1693 960 1723 =

317 1744 438 1810 Quodque
459 1750 503 1794 tibi
520 1751 545 1795 in
559 1750 626 1796 cunis
643 1744 724 1796 <iscula
739 1748 897 1812 prima'dedl.

285 1819 373 1881 Qudd,
385 1822 440 1870 culm
447 1823 521 1872 vestra
532 1822 619 1871 domus
627 1828 712 1873 teneris
721 1828 780 1873 mihi
789 1828 880 1890 semper
892 1830 927 1876 ab
938 1833 1011 1880 annis

318 1898 393 1950 Culta
410 1902 441 1949 sit
453 1895 523 1959 ,effe
534 1917 601 1950 vetus
618 1918 682 1950 nunc
699 1905 741 1951 tibi
759 1919 831 1967 cogor
845 1921 920 1955 onus.

238 1992 266 2041 75
287 1975 328 2023 Me
344 1991 397 2024 tuus
412 1977 454 2026 ille
465 1993 550 2042 pater,
569 1980 642 2029 Latia
653 1978 766 2029 facundia
776 1982 878 2045 linguae,

319 2053 378 2113 Quae
388 2071 438 2104 non
448 2056 547 2105 inferior
556 2058 682 2107 nobilitate
694 2058 757 2118 fuit,

286 2130 399 2187 Primus.
420 2147 448 2182 nt
467 2132 578 2183 auderem
596 2139 748 2185 committere
763 2140 867 2187 carmina
879 2140 961 2190 Fam:
969 2176 981 2203 ,

319 2210 419 2275 Impulit
430 2229 436 2259 z
448 2215 538 2277 ingenii
553 2211 602 2262 dux
617 2212 663 2262 fuit
675 2214 716 2263 ille
729 2217 786 2263 mei.

242 2286 245 2291 ’
287 2287 357 2347 Nec,
369 2305 418 2353 quo
429 2292 459 2338 eit
470 2289 574 2353 primum
585 2292 654 2339 nobis
665 2308 678 2339 a
692 2305 800 2356 tempore
812 2292 903 2353 cultus,

240 2373 271 2420 80
312 2363 452 2414 'Contendo
470 2367 568 2414 fratrem
585 2364 651 2430 polle
671 2367 758 2417 referre
776 2383 852 2418 tuum.

289 2443 326 2491 Te
345 2457 425 2491 tamen
441 2458 495 2491 ante
513 2460 597 2491 omues
619 2447 653 2495 ita
670 2448 722 2494 sum
737 2447 888 2512 complexus,
903 2464 931 2499 ut
943 2466 1006 2504 unus
1072 2466 1073 2489 l

322 2518 439 2577 Quolibet
451 2522 477 2566 in
495 2522 547 2568 casu
566 2524 642 2585 gratia
655 2522 733 2573 nostra
752 2523 823 2573 fores.

289 2595 383 2644 Ultima
401 2613 440 2643 me
457 2611 536 2645 tecum
551 2596 630 2657 vidit,
647 2600 780 2665 mellisque
796 2598 905 2652 cadentes

322 2673 422 2736 Excepit
438 2674 553 2736 lacrymas
569 2669 670 2725 AEtllalis
688 2678 740 2727 Ilva
754 2683 829 2743 genis.

243 2758 271 2820 85
292 2751 357 2801 cum
373 2752 417 2799 tibi
432 2756 565 2817 quaerenti,
584 2769 642 2802 num
659 2770 728 2804 verus
742 2760 841 2805 nuncius
853 2755 925 2820 ell'et,

323 2830 441 2877 Attulerat
461 2830 537 2894 culpae
554 2848 627 2896 quem
646 2831 709 2880 mala
726 2831 790 2881 fama
808 2850 885 2892 mens

291 2905 358 2960 lutet
367 2904 501 2955 confellum
511 2906 603 2969 dubie,
620 2906 737 2975 dubieque
755 2926 898 2976 negantem,

324 2983 468 3042 Haetebam,
483 2983 581 3049 pavidas
601 2983 671 3035 dante
689 2990 776 3036 timore
791 3004 881 3037 notas:
923 3026 927 3039 .

1070 2574 1073 2767 l

1070 2772 1073 2869 l

191 3041 195 3049 ¹
292 3061 455 3130 Exemploque
470 3064 548 3125 nivis,
562 3079 638 3135 quam
652 3063 725 3117 solvit
738 3068 861 3132 aquaticus
873 3064 971 3135 tuter,
1072 3066 1073 3101 ³

1071 3156 1073 3301 l

1071 3342 1073 3459 l
