2325 3959
165 368 175 379 ¹
243 382 246 387 -
685 367 696 395 t

95 443 102 465 ·
296 443 360 489 m
433 417 478 487 P.
506 415 661 487 Ovrnrr
686 418 884 487 NAsortrs

237 547 292 594 ,790
325 539 421 606 ignibus
433 544 459 591 δι
473 541 554 607 sparti
563 555 659 607 tangere
670 540 834 607 corporaqui.

291 619 348 679 An,
366 618 433 685 quod
443 622 470 669 iu
479 622 517 669 bis
527 622 582 670 vita
590 619 713 669 causaest?
725 623 775 669 htes
785 616 891 685 perdidit
904 617 984 667 exsul
996 632 1010 676 5

323 697 367 748 llis
377 714 441 748 nova
450 696 479 747 iit
488 702 576 764 conjux
587 715 596 757 3
611 700 661 747 ittet
672 695 722 747 duo
733 712 820 762 magna
830 710 931 761 putant.

290 774 338 825 vix
348 773 461 841 equidem
470 773 558 834 credo,
570 776 624 825 sunt
632 778 674 841 qui
682 775 830 825 Pha'e'thonta
840 772 929 823 reserri

323 853 446 915 Credant,
464 858 489 904 bt
502 856 588 903 nimias
597 852 751 903 Deucalionis
762 868 842 919 aquas.

242 932 460 998 795Parsquoque,
471 931 526 981 crim
537 932 597 981 saris
606 932 709 997 pallores
720 932 772 980 sara
787 930 917 990 terebant,

322 1009 466 1059 Scintilllam
476 1008 555 1058 subito
563 1006 697 1074 prosiluiffe
707 1007 787 1058 ferunt
797 1025 806 1066 3

289 1088 370 1137 Prima
376 1085 475 1153 quidem
485 1089 569 1151 periit,
580 1086 671 1151 stipulis
682 1101 779 1152 excepta
789 1081 892 1135 secunda
904 1082 954 1132 est.

322 1164 377 1213 Hoc
387 1167 520 1229 argumenti
532 1162 631 1215 flamma
641 1164 721 1214 Palilis
731 1165 811 1213 habet.

289 1241 327 1291 An
343 1244 419 1306 magis
433 1244 495 1291 bunc
505 1258 599 1291 morem
610 1243 684 1306 pietat
700 1242 783 1292 AEneia
798 1240 873 1299 fecit,
964 1236 970 1247 '

242 1313 290 1364 800
322 1320 456 1369 luuocuum
467 1321 530 1371 vitio
541 1323 580 1369 cui
587 1318 654 1369 dedit
662 1322 723 1385 ignis
732 1321 792 1369 iter:
1085 1366 1086 1387 Χ

289 1397 356 1449 Num
368 1413 448 1447 tamen
464 1397 496 1447 est
507 1414 564 1447 vero
572 1401 686 1462 propius?
699 1396 754 1447 ttlrn
765 1393 863 1446 condita
871 1395 958 1445 Roma
968 1394 1017 1457 est,
1085 1402 1086 1463 l

321 1474 453 1525 Transferri
462 1472 806 1540 jullosiunovateiiaLaresr
1085 1474 1086 1491 ¹

288 1551 458 1617 Mutanttsque
468 1550 569 1601 domum
578 1587 587 1613 ‚
597 1556 661 1603 tertie
672 1553 799 1619 agrestibus
811 1553 911 1617 iguem,

321 1629 352 1678 Et
366 1626 703 1695 teil'aturaeiupposuiffecasae
715 1650 739 1680 ι-

240 1702 332 1766 io5Per
341 1704 450 1755 flammas
458 1704 544 1756 saliiffe
550 1725 637 1773 petus,
650 1707 735 1759 saliiffe
745 1708 860 1760 colonos:

321 1780 394 1844 Quod
404 1783 433 1833 fit
442 1785 517 1835 natali
526 1802 590 1836 nunc
602 1804 717 1854 quoque,
732 1789 830 1847 Roma,
848 1802 903 1836 tuo.
1082 1796 1086 1851 ,¹

288 1860 339 1926 lpse
350 1860 417 1910 lotus
427 1864 506 1911 causas
517 1867 566 1913 vati
578 1864 645 1915 facit.
657 1864 729 1915 Urbis
740 1866 809 1931 origo
842 1912 843 1917 ,

320 1939 394 1989 Venit
404 1957 412 1989 z
423 1936 478 1989 ades
488 1940 550 1989 feliis
565 1976 574 2002 ,
589 1958 675 2007 magne
685 1942 798 2003 Quirine,
813 1944 868 1993 tuis.

286 2016 340 2065 Jam
354 2017 431 2067 luerat
436 2033 519 2083 prenae
529 2017 603 2068 frater
616 2018 768 2081 Numitoris,
785 2023 810 2069 bt
826 2036 901 2069 omne

238 2097 285 2145 lto
318 2095 440 2146 Pastorum
449 2099 547 2161 gemino
557 2097 601 2145 sub
611 2094 671 2147 duce
681 2098 766 2162 vulgus
776 2112 835 2147 erat.
1084 2156 1085 2161 ¹

286 2172 434 2224 contrahere
442 2174 539 2239 agrestes
551 2208 560 2233 ,
571 2177 696 2225 &monia
709 2191 796 2241 ponere
807 2175 902 2247 utrique

317 2250 455 2301 Convenit:
466 2254 597 2316 ambigitur
607 2256 697 2303 moenia
708 2268 782 2319 ponat
793 2267 854 2301 uter.

285 2326 329 2376 Nil
341 2344 401 2393 opus
410 2328 461 2383 est,
476 2326 551 2389 dixit,
569 2333 716 2390 certamine,
729 2329 866 2391 Romulus,
883 2328 951 2381 ullo.

319 2404 408 2471 Magna
418 2404 477 2456 fides
486 2409 567 2457 avium
574 2407 606 2455 eli
617 2411 779 2473 :experiamur
786 2426 850 2459 aves.

239 2487 266 2536 rr
273 2481 332 2551 5Res
342 2481 429 2547 placet.
437 2482 503 2534 Alter
512 2487 558 2534 init
567 2489 689 2535 nemorosi
697 2488 749 2535 saxa
759 2486 834 2538 Palati
845 2503 854 2546 5

319 2558 385 2608 Alter
396 2561 542 2611 Aventinum
554 2558 624 2609 mani
635 2577 749 2611 cacumen
760 2560 819 2612 adit.

286 2638 330 2686 Ser
344 2638 446 2697 Remus,
459 2641 500 2687 hic
509 2638 618 2688 volucres
629 2639 665 2688 bis
677 2641 717 2689 ser
726 2637 792 2689 videt
800 2637 885 2689 ordine
896 2658 902 2689 :
912 2643 986 2706 pallo

318 2716 412 2765 Status:
421 2720 446 2765 bc
462 2717 587 2766 arbitrium
598 2716 715 2767 Romulus
726 2718 789 2767 urbis
802 2718 884 2767 habet.
1082 2732 1083 2769 l

286 2795 348 2860 Apta
364 2791 414 2843 dies
431 2794 534 2859 legitur,
545 2794 594 2861 qui
605 2798 695 2845 moenia
705 2799 782 2861 signet
794 2809 882 2847 aratro.
1077 2812 1083 2885 j

239 2870 300 2921 ⁸20·
319 2874 389 2921 Sacra
398 2871 460 2921 Palis
470 2874 579 2923 suberant
590 2892 597 2923 r
609 2870 666 2923 inde
674 2888 785 2924 movetur
797 2890 867 2939 opus.

286 2947 355 3003 Folia
366 2949 395 2999 lit
407 2948 438 2999 ad
449 2949 553 3001 solidum
565 2969 572 3000 r
584 2950 663 3017 fruges
673 2954 792 3017 jaciuntur
802 2954 827 3000 in
837 2953 904 3012 ima,

319 3028 351 3077 Et
366 3026 396 3078 de
413 3029 493 3078 vicino
510 3043 571 3078 terra
582 3032 657 3094 petita
674 3029 737 3079 solo.

286 3104 356 3159 Iolla
367 3106 470 3174 repletur
479 3108 554 3158 burno
566 3124 576 3169 3
589 3106 712 3175 pleuaeque
721 3108 854 3175 imponitur
862 3120 901 3157 ara
908 3124 918 3166 ς
