2325 3959
311 429 329 474 2
338 431 381 494 34
438 403 482 472 P.
511 404 668 471 Ονιοιι
689 360 883 470 NAsoms

261 517 288 568 55
308 519 367 570 lade
381 534 445 585 petes
461 535 554 580 arcent,
571 517 670 568 delubra
683 517 788 568 faventia
798 521 869 570 votis.

339 599 370 647 Et
381 596 476 648 dabitur
486 600 572 646 merito
584 597 663 645 laurea
672 612 729 647 vota
739 597 803 646 lovi.

307 674 364 724 Haec
379 692 424 740 ego
437 676 574 734 submotus,
590 674 638 740 qui
651 670 761 738 possum,
776 691 856 726 mente
865 673 982 727 videbos

338 752 419 817 Erepti
435 754 503 802 nobis
515 757 551 818 'pus
561 755 633 801 habet
641 752 686 802 illa
694 751 753 802 luci.

306 829 349 880 Ilia
357 847 398 896 pet
407 833 533 880 immensas
542 833 656 896 spatiatur
666 830 740 880 libera
750 843 822 881 terras
833 850 840 879 t

258 900 289 940 ‘0
338 908 365 957 In
373 908 463 958 eoelum
474 908 544 956 celeri
553 909 661 971 pervenit
670 907 714 956 illa
724 907 790 971 fugi.
848 939 855 948 ·

305 984 350 1036 llla
367 1002 433 1035 meos
447 985 531 1034 oculos
549 982 655 1034 mediam
672 982 771 1034 deducit
786 989 812 1034 in
825 985 936 1046 Urbem,

337 1063 458 1112 Immunes
467 1066 526 1112 tanti
538 1079 581 1112 nec
590 1065 647 1112 sinit
657 1059 704 1112 effe
715 1065 783 1112 boni.

305 1142 459 1207 Invenietque
468 1144 553 1200 viam,
571 1141 619 1206 qua
630 1157 711 1190 currus
725 1142 811 1205 speiiet
825 1141 947 1190 eburnos:

337 1220 375 1267 Sic
393 1217 455 1268 certi
469 1221 494 1268 ln
509 1219 587 1283 patrii
600 1219 722 1283 perbreve
737 1234 829 1283 tempus
842 1235 892 1268 eto.

257 1297 284 1351 ⁶5
305 1296 367 1346 Vera
381 1309 460 1346 tamen
468 1296 569 1362 populus
578 1299 657 1361 capiet
665 1297 796 1361 spesiaeula
808 1297 883 1346 selis:

336 1375 447 1442 Laetaque
458 1379 502 1425 erit
512 1374 611 1439 prastns
618 1391 674 1423 eum
683 1375 752 1424 Duce
763 1375 832 1424 turba
839 1377 891 1426 suo·

304 1455 336 1504 At
349 1457 410 1503 mihi
420 1452 620 1518 fingentitanttim
627 1486 636 1513 ,
648 1450 766 1517 longique
774 1467 869 1502 remoto
876 1485 886 1513 ,

337 1531 437 1580 Auribus
450 1534 487 1580 hie
500 1531 589 1580 frustus
600 1529 765 1595 percipiendus
775 1534 828 1580 etit.

304 1611 382 1675 Atque
393 1609 476 1674 procul
488 1609 558 1660 Latio
575 1606 695 1658 diversum
707 1605 789 1658 missus
800 1612 825 1656 in
834 1609 920 1657 orbem

257 1703 288 1746 70
338 1687 386 1747 Qui
396 1702 474 1736 narret
485 1685 574 1752 cupido
584 1723 593 1747 ‚
603 1689 644 1736 six
655 1690 716 1747 etit,
730 1687 773 1735 ista
782 1689 852 1735 mihi.

304 1763 326 1811 Is
336 1779 432 1829 quoque
442 1768 490 1829 jam
503 1766 580 1813 serum
593 1765 680 1814 referet
687 1779 839 1831 veteremque
850 1766 1025 1830 triumphumn

337 1840 391 1898 Quo
410 1856 489 1890 tamen
504 1839 603 1890 audiero
617 1855 741 1907 tempore,
752 1843 820 1892 ictus
833 1859 884 1892 eso.

304 1913 347 1962 iila
359 1914 407 1963 dies
417 1918 509 1975 veniet,
522 1933 575 1965 mea
586 1917 635 1982 qui
644 1918 754 1982 lugubria
765 1935 854 1983 ponam
866 1936 873 1977 ς

338 1989 462 2060 Causaque
469 1995 561 2060 privati
570 1995 667 2059 publiea
676 1999 754 2061 majos
763 1999 817 2046 etit.

253 2143 262 2152 ·
317 2138 999 2210 «-*--ψ-----”·-ες<υ»με.τ;-«-......·-·»ψ

469 2283 722 2346 ELEGIA
762 2283 852 2346 111.

304 2374 462 2492 Maesta
475 2447 581 2510 minotqt
593 2443 830 2510 ferae,quatumregis
838 2445 1019 2514 altetaGtaJas,

335 2520 416 2568 Altera
424 2519 546 2582 Sidonias,
555 2537 654 2588 utraque
665 2525 743 2577 sicca,
754 2539 830 2572 rates:

303 2599 392 2648 Omnia
409 2598 464 2646 etim
473 2600 566 2648 summo
578 2603 661 2664 positae
670 2597 771 2650 videatis
779 2604 805 2649 in
813 2617 855 2650 axe
863 2636 873 2663 ,

336 2677 367 2724 Et
376 2680 446 2725 maris
454 2675 565 2726 occiduas
573 2695 623 2728 non
634 2679 734 2728 subeatis
745 2695 832 2744 aquas,

271 2759 281 2801 5
302 2753 485 2820 li'thereamque
495 2758 541 2804 suis
551 2761 647 2820 cingens
654 2757 802 2820 amplexibus
811 2773 890 2809 arcem

331 2830 413 2880 Vester
424 2834 453 2880 ab
462 2833 549 2883 intasii
558 2834 660 2882 circulus
669 2833 741 2883 exstet
751 2837 827 2884 humo
836 2853 845 2894 3

298 2912 402 2975 Aspicite
411 2910 453 2958 illa
463 2945 470 2968 ,
480 2927 576 2975 pretor,
588 2927 640 2977 qua
651 2927 701 2960 non
712 2911 771 2962 bene
781 2915 871 2961 moenia
882 2914 1015 2978 quondam

332 2988 428 3038 Dicitur
443 2987 528 3038 Iliades
539 2985 679 3038 transiluisse
691 2989 790 3039 Remus.

299 3067 374 3134 inque
383 3083 462 3118 meam
468 3064 558 3119 nitidos
568 3065 694 3119 dominam
701 3069 834 3121 convertite
845 3066 941 3120 sultuta
