2325 3959
256 331 395 397 Error.
411 320 467 394 nx
487 328 639 397 Pouro
657 327 694 395 L.
712 330 762 396 ΙΙ.
808 351 868 415 313

88 500 95 528 ‘²
162 509 874 573 5===5sz222=

283 659 626 722 EPISTOLA
667 659 745 720 VI.

354 803 735 901 GRAEc1N04

167 896 225 1014 C
238 980 318 1013 nnur
327 981 362 1013 un
374 967 527 1025 Graecinum,
538 970 580 1031 qui
591 967 691 1031 praesens
701 977 761 1015 voce
772 964 880 1025 solebat,

197 1042 280 1090 Tristis
292 1045 320 1091 ab
332 1044 428 1093 Euxinis
440 1045 505 1093 Naso
516 1045 603 1093 salutat
614 1047 689 1109 aquis.

88 1123 96 1151 ‘⁵
161 1111 257 1171 Exsulis
267 1123 316 1169 haet
326 1138 373 1170 vox
384 1122 416 1169 est
429 1139 435 1169 ε
446 1122 537 1185 praestat
551 1124 612 1170 mihi
625 1122 692 1171 litera
704 1120 811 1186 linguam
824 1139 831 1169 a

105 1217 109 1223 ’
197 1198 240 1251 Et,
253 1200 272 1245 ti
283 1214 333 1247 non
344 1198 414 1249 liceat
425 1201 541 1258 scribere,
554 1214 634 1247 mutus
647 1216 699 1247 ero.

91 1314 94 1323 ,
165 1274 293 1339 Corripis,
306 1291 332 1325 ut
342 1275 429 1334 debes,
441 1276 506 1324 stulti
515 1291 612 1339 peecata
623 1274 728 1325 sodalis:
902 1292 912 1337 5

200 1355 232 1403 Et
248 1355 312 1403 mala
327 1373 366 1404 me
380 1358 470 1405 metitis
485 1356 545 1403 serre
560 1359 653 1405 minora
664 1352 747 1403 doces.

166 1432 232 1482 Vera
244 1432 315 1492 facis,
327 1431 369 1482 sed
379 1434 446 1490 sera,
457 1450 516 1481 meae
529 1436 639 1482 convicia
650 1432 735 1495 culpat.

201 1512 288 1575 Aspera
298 1507 405 1559 confesso
416 1512 487 1559 verba
498 1514 593 1574 remitte
605 1527 656 1559 reo.

88 1593 92 1630 ‘r
168 1586 235 1637 Ciam
245 1604 352 1651 poteram
363 1590 426 1636 resto
438 1589 536 1637 transire
548 1586 667 1638 Ceraunia
679 1586 752 1649 velo,

201 1666 237 1715 Ut
248 1666 297 1714 fera
307 1670 407 1715 vitarem
419 1669 487 1727 saxa,
503 1664 636 1715 monendus
647 1677 721 1715 etam.
904 1694 933 1727 10

168 1742 241 1794 Nunc
253 1746 312 1792 mihi
322 1779 330 1803 ,
342 1744 485 1809 naufragio,
497 1742 556 1809 quid
565 1742 660 1808 prodest
671 1742 778 1804 discere,
790 1745 868 1805 salio,

201 1822 280 1882 Quam
295 1839 348 1871 mea
363 1821 470 1871 debuerit
480 1839 572 1870 currere
584 1822 671 1883 cymba
680 1825 764 1871 viam?

89 1925 90 1930 =
170 1898 284 1947 Bracchia
295 1897 325 1946 da
336 1896 394 1947 lallo
405 1898 484 1962 potitis
495 1897 631 1962 prendenda
641 1902 731 1946 natanti
743 1917 750 1945 a

142 1977 144 1982 '
205 1975 256 2024 Nec
267 1978 346 2038 pigeat
357 1990 440 2023 mento
451 1971 595 2038 supposuisse
607 1991 716 2023 manum.

88 2055 91 2087 ³
173 2050 249 2117 quue
262 2052 337 2110 facis,
350 2052 468 2116 iaciatque
481 2068 581 2115 precor:
595 2054 627 2099 sic
641 2065 717 2099 mater
729 2054 753 2101 δι
765 2068 842 2113 uxor,
907 2079 932 2127 ¹5

206 2132 244 2177 Sic
259 2131 303 2177 tibi
314 2132 361 2178 sint
371 2129 469 2183 fratres,
482 2143 580 2193 totaque
592 2122 655 2177 salva
668 2126 763 2179 domus.

174 2205 294 2271 Quodque
307 2207 368 2255 soles
382 2210 464 2255 animo
475 2240 483 2265 ‚
499 2204 566 2271 quod
576 2208 667 2269 semper
678 2219 738 2255 voce
749 2211 854 2271 precari,

207 2284 295 2333 Omnia
306 2284 437 2334 Caesaribus
449 2287 482 2332 sic
494 2300 535 2333 tua
548 2283 608 2331 facia
619 2284 714 2347 probes.

173 2362 252 2427 Turpe
264 2364 308 2410 erit
320 2365 344 2410 in
356 2365 446 2411 miseris
458 2364 532 2411 veteri
543 2362 587 2409 tibi
599 2361 666 2408 rebus
681 2364 759 2411 amico

206 2439 326 2488 Auxilium
338 2440 405 2488 nulli
415 2456 481 2504 parte
491 2436 569 2487 tulisse
580 2454 659 2487 tuum.
672 2454 674 2458 ’

174 2518 255 2581 Turpe
264 2518 351 2566 referre
359 2515 458 2581 pedem,
471 2533 514 2565 nee
526 2513 591 2579 passu
603 2516 661 2564 state
674 2517 751 2565 tenaci
763 2536 770 2565 :

208 2595 289 2657 Turpe
306 2594 454 2642 laborantem
473 2590 598 2641 deseruisse
617 2608 703 2641 ratem.

178 2670 257 2732 Turpe
268 2671 332 2735 sequi
344 2672 437 2724 casum,
450 2674 475 2718 bc
492 2671 601 2717 fortunat
617 2668 719 2725 cedere,
737 2676 842 2724 amicum

211 2747 257 2801 Et,
269 2750 314 2795 nisi
325 2751 355 2795 eit
367 2748 439 2802 felix,
451 2744 497 2795 eise
508 2762 593 2811 negare
607 2748 684 2795 suum.

101 2825 103 2828 ’
179 2824 235 2875 Non
248 2829 281 2874 ita
291 2828 399 2874 vixerunt
416 2826 527 2888 Strophio
541 2839 612 2889 atque
627 2826 805 2889 Agamemnone
822 2831 889 2877 nati:
911 2821 937 2897 2'5

212 2902 269 2950 Nou
280 2906 329 2950 hac
340 2900 431 2965 AEgldae
443 2903 593 2966 Pirithoique
603 2900 672 2951 fides.

180 2979 246 3039 Quos
257 2982 321 3042 prior
331 2979 363 3027 est
374 2982 477 3036 mirata,
493 2980 590 3043 sequens
601 2980 726 3029 mirabitur
737 2996 792 3031 aetas
803 3000 809 3030 r

211 3058 238 3104 ln
253 3073 355 3119 quorum
367 3058 460 3121 plausus
473 3071 524 3106 tota
536 3059 628 3107 theatra
642 3059 737 3109 sonant.
804 3068 809 3081 ¹

213 3136 281 3182 Your.
298 3136 347 3184 III.
766 3133 789 3181 Ο

909 2474 940 2505 20
