2325 3959
247 376 552 447 Fasroaurr
577 376 673 472 ιιι.
699 376 767 445 IV.
821 397 861 465 95

181 494 208 543 ff
212 512 238 545 ra
254 497 312 545 Dea
324 500 426 547 comites
435 514 556 563 raucaque
568 512 635 563 terga
646 514 753 547 movent.
764 524 765 527 =

146 572 272 636 Cymbala
283 593 326 640 pro
337 575 410 640 galeis
422 612 430 634 ‚
442 593 486 639 pro
495 577 568 625 scutis
582 591 695 640 tympana
703 576 798 640 pulsant
808 594 815 623 t

181 650 252 701 Tibia
270 652 312 703 dat
323 654 457 717 Phrygios,
477 667 505 702 ut
518 651 587 702 dedit
602 668 675 712 ante,
687 651 784 702 modos.

148 728 260 780 Desierat
271 748 280 788 3
302 734 367 794 coepi
378 749 385 777 ι
398 728 449 779 Cur
460 732 536 788 huic,
554 746 627 794 genus
637 747 690 779 acre
701 763 710 785 ,
731 729 811 779 leones
870 746 913 794 ²15

75 827 81 840 ·
181 808 291 855 Praebent
305 806 413 856 insolitas
429 806 461 858 ad
473 811 529 871 juga
540 824 612 857 curva
623 809 709 871 jubas?

150 884 276 943 Desierarn
287 902 294 931 a
305 888 381 949 erepit
391 901 399 941 3
415 885 503 933 Feritas
516 884 612 933 mollita
622 902 663 951 per
678 884 746 934 illam

183 959 297 1011 Creditur
310 982 316 1011 a
332 961 360 1011 id
370 980 439 1012 curru
452 962 574 1013 testificata
587 966 630 1012 suo
642 964 684 1013 est.

149 1040 183 1089 At
192 1056 235 1088 cur
248 1041 333 1090 turrita
343 1056 414 1104 caput
425 1041 458 1090 est
471 1057 555 1090 ornata
565 1040 656 1089 toroni
669 1058 677 1098 ι

183 1119 221 1165 Au
239 1118 346 1182 Phrygiis
361 1134 435 1168 turres
447 1120 544 1167 urbibus
554 1119 598 1167 illa
609 1117 695 1170 dediti
829 1136 831 1140 ·
870 1134 915 1165 ²20

150 1195 250 1246 Annuit.
263 1192 335 1245 Unde
345 1199 410 1244 venit
422 1231 430 1255 ‚
443 1195 512 1254 dixi,
527 1197 568 1244 sua
585 1197 693 1245 membra
706 1195 802 1248 secandi

183 1274 308 1337 Impetus?
320 1289 347 1321 ιιι
364 1278 445 1333 tacui,
457 1275 529 1323 Pieris
542 1275 597 1321 orsa
608 1273 685 1339 loqui.

151 1351 232 1411 Phryx
244 1367 302 1415 puer
320 1353 346 1398 iu
362 1351 448 1409 silvis,
467 1350 527 1399 fatie
544 1350 690 1415 speeiabilis,
710 1352 771 1401 Attia

184 1428 339 1491 Turrigeram
348 1427 411 1481 casto
425 1428 503 1476 vinxit
514 1444 596 1482 amore
606 1426 695 1475 Deam.

153 1505 225 1555 Hunc
245 1507 292 1553 eibi
311 1506 399 1553 servari
410 1505 505 1564 voluit,
521 1505 663 1571 sua-templa
677 1509 735 1554 tueri
749 1524 758 1565 ς
872 1521 915 1575 ης

186 1582 218 1631 Et
227 1580 308 1644 dixit,
323 1584 420 1647 Semper
437 1582 476 1631 fac
492 1599 550 1648 puer
566 1579 612 1633 effe
622 1583 690 1632 velis.

127 1705 129 1708 ,
151 1659 197 1709 Ille
208 1657 283 1707 fidem
297 1662 366 1724 jussit
383 1654 470 1716 dedit,
488 1662 533 1716 &‚
552 1659 576 1706 si
588 1661 705 1717 mentiar,
721 1662 800 1727 inquit
809 1696 819 1723 ‚

184 1736 298 1791 Ultima,
316 1753 389 1801 quam
405 1736 504 1794 fallam,
517 1738 547 1784 sit
564 1735 644 1785 Venus
659 1736 702 1785 illa
715 1741 784 1787 milri.

150 1813 242 1864 Fallit:
254 1818 280 1863 δι
297 1817 323 1862 iu
335 1814 450 1879 Nympha
459 1810 570 1879 Sagaride
581 1812 669 1863 desinit
680 1812 743 1877 effe,

186 1890 261 1952 Quod
275 1892 322 1940 fuit
335 1895 405 1939 :huic
425 1908 507 1956 poenas
517 1895 592 1955 exigit
602 1895 636 1940 ira
647 1892 713 1941 Deae.
871 1920 919 1967 ²30

152 1969 235 2021 Naida
244 1969 381 2019 vulneribus
392 1967 529 2023 succiditur
542 1971 627 2019 arbore
638 1969 713 2018 fastis·

187 2047 233 2096 llla
246 2049 307 2111 perit
318 2065 324 2094 r
337 2046 414 2095 fatum
430 2044 523 2094 Naidos
534 2047 605 2094 arbor
616 2060 675 2095 erat.

153 2126 201 2185 iiic
218 2125 277 2173 furit
288 2143 296 2173 r
309 2129 354 2184 δι,
370 2120 467 2176 credens
478 2122 577 2170 thalami
595 2122 750 2186 procumbere
764 2128 869 2189 tedium,

187 2202 298 2268 Effugit,
320 2207 345 2251 δι
357 2204 426 2251 cursu
438 2198 562 2262 Dindyma
574 2202 666 2247 stunma
677 2202 746 2265 perit.
842 2193 847 2199 ’

153 2275 916 2349 Etmodo,Tollefaces;Remove,modo‚verbera,clamat‚.235

188 2360 253 2423 Saepe
266 2358 390 2408 Palestinae
400 2362 464 2423 jurat
474 2352 551 2405 adesse
564 2355 637 2410 Deae.
712 2364 715 2369 “

154 2436 199 2486 ille
210 2440 283 2487 eciam
293 2438 350 2487 saxo
359 2452 445 2501 corpus
458 2435 557 2484 laniavit
568 2449 640 2483 acuto
655 2468 664 2495 ,

188 2515 318 2580 Longaque
336 2518 363 2565 in
376 2511 503 2565 immundo
511 2512 611 2577 pulvere
623 2515 696 2578 traeia
707 2530 777 2563 coma
787 2514 828 2564 est.

155 2591 259 2656 Voxque
277 2592 338 2651 fuit,
351 2593 447 2646 Merui:
464 2592 564 2645 Maricas
574 2590 630 2640 dem
636 2592 754 2656 sanguine
762 2610 854 2659 pennas,

189 2670 242 2718 ah!
256 2685 354 2734 pereant
363 2685 440 2734 partes
451 2704 461 2729 ‚
472 2686 525 2737 que
535 2686 637 2717 nocuere
649 2670 727 2720 mihil
875 2679 921 2724 ²40

158 2745 196 2795 Ah
215 2747 331 2810 pereant!
347 2745 441 2798 dicebat
453 2745 530 2796 adhuc
543 2764 550 2803 3
563 2764 624 2805 onus
634 2750 737 2811 inguinis
747 2750 825 2801 aufert
836 2770 844 2811 5

96 2875 99 2882 ,
191 2823 313 2890 Nullaque
328 2826 382 2879 sunt
392 2825 471 2873 subitd
484 2824 646 2889 argumente
657 2830 712 2889 viri.

158 2901 233 2951 Venit
242 2904 268 2949 iu
280 2901 415 2967 exemplum
427 2902 492 2950 furor
502 2906 558 2951 hinc
569 2938 576 2961 ,
595 2902 728 2972 mollesque
738 2910 840 2959 ministri

191 2979 299 3030 Caedunt
308 2983 398 3044 jactatis
416 2980 473 3029 vilia
483 2982 591 3028 membra
601 2986 686 3033 comis.

158 3059 259 3109 Talibus
273 3060 356 3110 Aonia
367 3054 471 3109 facunda
479 3074 539 3111 vote
550 3056 664 3111 Camenae
875 3082 918 3131 245
