2325 3959
287 349 426 417 Emer.
444 367 501 417 tx
519 348 671 419 Ponto
690 353 727 419 L.
750 355 800 420 II.
828 376 893 440 307

200 463 359 519 Communis
370 473 424 519 vitii
436 486 459 519 te
470 486 566 537 quoque
577 471 629 519 labe
641 474 712 521 trahi.

97 554 98 557 ’
159 539 395 607 Diligiturnetno,
411 550 458 597 nisi
476 551 515 597 cui
529 550 634 597 Fortuna
644 548 746 599 secunda
758 552 789 599 est
805 571 811 600 r
891 572 894 579 ·

201 621 290 683 Qua,
305 625 377 674 timul
389 628 512 680 intonuit,
531 630 640 689 proxima
658 644 759 693 queque
775 630 850 693 fuget.

162 696 205 744 En
218 716 287 763 ego.
304 718 353 751 non
364 705 443 766 paucis
458 690 582 767 quondam
599 708 704 753 munitus
719 708 815 765 amicit,
911 715 938 761 25

201 775 277 825 Dum
289 777 357 828 flavit
366 780 425 829 velis
436 796 492 829 aute
502 778 604 829 secunda
615 784 673 829 meis
683 798 691 839 3

162 850 202 901 Ut
214 853 271 902 fera
282 857 394 906 nimboso
405 872 543 906 tumuerunt
552 874 648 923 aequota
658 872 745 917 vento,

203 930 234 978 In
245 931 334 981 mediis
349 932 427 983 laceri
440 951 519 999 puppe
537 935 660 1001 relinquor
678 938 754 1000 equit.

164 1006 291 1075 Ctimque
308 1011 350 1059 alii
364 1011 445 1061 nolint
461 1015 533 1061 etiam
544 1028 583 1061 me
594 1008 661 1061 nosse
674 1010 768 1073 videri,

201 1087 255 1135 Vix
273 1086 324 1138 duo
342 1092 447 1155 projecio
463 1105 539 1146 tresve,
557 1089 641 1139 tulistis
658 1106 739 1155 opem.
757 1109 761 1118 ·
912 1114 940 1157 30

165 1163 286 1232 Quotutu
293 1181 319 1216 tu
324 1170 431 1232 princeps
442 1186 449 1214 ι
459 1184 504 1217 nec
515 1163 718 1219 enimcometess'e
724 1202 733 1227 ,
744 1165 784 1217 sed
793 1170 888 1231 auctor,

202 1243 260 1292 Nec
281 1259 360 1308 petere
378 1244 533 1309 exemplum,
552 1242 593 1292 sed
608 1242 663 1292 dare
677 1243 763 1308 dignus
782 1260 840 1293 erat.

167 1320 224 1379 Te,
237 1321 300 1369 nihil
313 1338 340 1370 ex
351 1320 432 1380 facio,
447 1324 493 1371 niti
505 1337 555 1369 non
570 1318 693 1385 peccaffe,
708 1320 841 1377 ferentem,

202 1398 297 1461 Sponte
318 1398 360 1448 sui
379 1400 485 1462 probitas
503 1396 659 1463 officiumque
676 1402 768 1463 juvant.

168 1474 256 1523 Judice
279 1491 324 1536 te,
344 1474 453 1525 mercede
474 1490 559 1534 caret,
585 1492 627 1540 per
643 1477 715 1543 seque
732 1474 834 1541 petenda
857 1476 888 1525 eii
908 1496 933 1539 35

202 1553 315 1624 Extetnit
330 1556 406 1603 virtut
426 1556 569 1603 incomitata
584 1554 662 1603 bonis.

169 1630 254 1694 Turpe
271 1645 339 1695 putus
359 1631 443 1693 abigi,
466 1632 522 1695 quia
539 1632 570 1679 tit
587 1626 749 1691 miserandut,
766 1630 887 1687 enticum5

202 1706 325 1773 Quodque
336 1710 367 1756 eit
377 1706 477 1766 infelix,
490 1705 597 1756 desinere
609 1703 655 1755 effe
667 1721 746 1756 tuum.

169 1786 256 1836 Mitius
272 1786 305 1835 est
320 1783 380 1835 laiso
397 1782 502 1849 digitum
519 1788 650 1849 supponere
667 1798 771 1845 mento,

202 1864 311 1927 Mergere
329 1862 403 1927 quim
422 1860 520 1925 liquidis
536 1877 579 1910 ore
596 1864 699 1911 natantis
718 1863 795 1926 aquis.
902 1877 935 1921 40

170 1938 265 1993 Cerne,
282 1937 342 2003 quid
353 1936 462 1988 AEecidet
475 1938 528 2001 post
541 1953 647 1986 mottem
664 1938 756 2002 prestet
775 1932 855 1987 amico
877 1957 883 1987 t

203 2016 275 2063 instar
293 2019 318 2063 δε
337 2017 398 2063 hanc
411 2017 486 2065 vitani
501 2017 586 2063 mortis
600 2016 685 2065 habete
704 2028 771 2079 pute.

173 2093 306 2141 Pirithoum
316 2092 421 2141 Theseus
431 2093 524 2155 Stygiae
535 2094 662 2141 comitavit
673 2089 704 2141 ad
715 2089 788 2141 undas
800 2111 807 2139 r

204 2171 223 2218 Α
240 2171 326 2233 Stygiis
345 2184 462 2235 quantum
481 2170 530 2217 sors
550 2183 604 2219 ntea
623 2166 692 2217 distat
712 2169 797 2234 aquit!
879 2160 889 2168 ”

173 2244 255 2294 Adfuit
270 2248 353 2297 insano
370 2248 463 2313 juvenis
480 2244 586 2296 Phoceus
603 2245 691 2295 Oreste
708 2264 714 2293 z
899 2266 927 2314 45

205 2324 234 2374 Et
249 2340 301 2373 mea
318 2341 368 2373 non
382 2327 511 2375 minimum
527 2322 598 2388 culpa
612 2323 699 2373 furoris
711 2322 791 2372 hebet.

173 2404 211 2453 Tu
223 2416 315 2469 quoque
329 2419 472 2467 magnorum
489 2398 571 2450 laudet
588 2399 688 2461 admitte
701 2404 826 2461 vitorum

204 2480 280 2545 thue
292 2480 365 2534 fucit,
378 2480 461 2544 lapso,
473 2496 545 2544 quam
556 2494 641 2543 potet,
656 2476 715 2528 affer
725 2496 807 2543 opem.

175 2556 198 2604 si
213 2558 268 2605 bene
285 2572 308 2607 te
324 2560 405 2613 novit
417 2559 436 2604 ti
445 2555 538 2621 {quod
552 2556 616 2621 priuis
630 2554 675 2605 effe
692 2556 796 2617 solebas,

206 2631 271 2680 Nunc
282 2648 377 2696 quoque
387 2648 429 2689 es,
442 2646 513 2696 atque
525 2634 599 2680 animi
609 2648 658 2681 non
669 2632 774 2683 cecidere
786 2638 829 2687 tui.
898 2655 929 2700 to

176 2709 226 2769 Quo
241 2708 341 2756 Fortuna
351 2712 427 2772 magis
438 2710 504 2757 saevit
512 2742 521 2768 ‚
530 2712 606 2772 magis
618 2711 667 2773 ipse
677 2712 760 2760 resistis
772 2732 778 2761 t

205 2786 279 2850 thue
293 2782 376 2838 decet,
391 2801 421 2833 ue
437 2788 558 2835 revicerit
573 2784 631 2844 illa,
645 2802 722 2835 caves.

176 2865 204 2913 Et
213 2865 266 2913 bene
276 2866 310 2911 uti
320 2878 426 2927 pugnet.
441 2864 500 2911 bene
510 2878 617 2928 pugnent
627 2861 701 2913 efficit
711 2865 781 2915 hostis
794 2885 800 2915 :

206 2946 240 2991 Sic
255 2939 336 2990 eedem
350 2938 444 3005 prodest
459 2942 546 3001 eausa,
567 2956 686 3009 nocetque
706 2944 776 2995 mihi.

179 3019 263 3073 Scilicet
273 3016 417 3091 indignum,
432 3020 528 3085 juvenis*
541 3021 674 3083 rarissime,
685 3016 751 3071 ducit
805 3028 806 3031 ’
892 3034 925 3083 ςς,
