2325 3959
302 386 371 449 280
433 381 474 449 P.
503 380 660 449 Ortnrt
686 380 883 448 NAtours

330 504 418 552 Mollia
427 503 555 567 naufragiis
565 502 636 551 litora
644 498 710 567 polle
722 500 781 551 duri.

297 578 363 629 Ctim
373 579 444 630 video
452 580 528 647 quim
536 583 583 629 sint
593 597 646 631 mea
655 579 703 629 fata
711 583 816 637 tenacia,
829 578 929 643 frangor
942 592 954 635 ;

328 659 431 723 Spesque
443 656 501 707 levit
518 673 607 721 magno
618 660 679 705 villa
692 659 779 705 timore
790 653 862 705 eadit.

247 741 275 790 65
297 732 346 783 Nec
359 748 439 784 tamen
450 736 547 785 ulterius
563 733 696 801 quidquam
708 737 803 801 sperove
817 750 933 797 precotve
947 766 960 792 ,

212 840 216 844 >
279 876 283 881 ι
327 811 408 873 Qudm
420 812 482 863 mali
494 828 588 863 mutato
601 810 666 877 polle
678 828 755 861 catere
770 812 835 861 loco.

295 889 342 939 Aut
353 893 399 939 hoe
409 926 417 950 ,
429 907 469 940 ant
477 891 537 939 nihil
552 890 603 948 est,
620 906 663 954 pto
679 906 718 938 tue
730 904 819 939 tentate
831 884 942 936 modeste

326 966 409 1016 Gratia
424 966 490 1031 quod
501 968 566 1017 saluo
578 967 652 1015 vestra
662 964 753 1031 pudore
763 981 843 1032 queat.

294 1042 407 1106 Suscipe,
427 1043 541 1091 Romana
561 1039 690 1101 facundia,
708 1040 831 1099 Maxime,
853 1038 949 1103 lingue
957 1072 969 1097 ,

245 1134 276 1177 70
324 1116 437 1167 Difficilis
447 1119 521 1167 causa
535 1121 594 1167 mite
610 1121 784 1182 patrocinium.

291 1194 330 1242 Est
343 1194 408 1242 mala
420 1213 425 1241 :
436 1191 552 1244 confiteor
566 1212 572 1241 t
585 1192 625 1243 sed
637 1210 659 1243 te
673 1197 736 1244 bona
747 1192 788 1243 fiet
799 1207 894 1259 agente.

323 1272 396 1320 Lenia
413 1288 456 1336 pto
473 1271 611 1321 miserisne
627 1270 786 1336 modovetba
804 1268 870 1335 lugi.

289 1347 372 1397 Nescit
385 1351 449 1397 enim
464 1347 558 1408 Cesar,
578 1352 686 1414 quamvis
703 1348 768 1398 Deus
783 1352 865 1397 omnin
877 1351 947 1397 notit
955 1382 966 1408 ‚

316 1425 428 1475 Ultimus
441 1424 482 1475 hic
493 1425 540 1491 quai
551 1428 581 1474 tit
593 1424 732 1475 conditione
742 1425 816 1475 locus.

242 1518 271 1567 75
294 1502 382 1565 Magna
393 1516 474 1551 tenent
490 1501 553 1551 illud
564 1520 643 1561 rernm
653 1502 780 1552 molimina
789 1518 878 1551 numen
889 1522 896 1552 t

322 1580 379 1629 llaec
396 1580 428 1628 est
444 1579 534 1629 celesti
544 1583 637 1643 peelore
648 1596 704 1629 cura
714 1583 804 1629 minor.

289 1655 341 1720 Nec
355 1672 436 1716 vacat,
447 1660 472 1705 in
483 1658 532 1722 qui
541 1661 589 1707 tint
600 1660 672 1722 positi
683 1662 780 1723 regione
791 1658 917 1713 Torone,

322 1732 430 1793 Quaerere
443 1768 450 1793 ,
468 1731 573 1783 finitimo
581 1738 620 1783 vix
634 1735 687 1785 loca
697 1752 757 1785 nota
767 1736 842 1785 Getae.

288 1806 336 1862 Aut
353 1810 412 1876 quid
424 1812 568 1861 Sauromatae
584 1811 686 1873 faciant,
697 1812 755 1879 quid
770 1814 864 1879 lazyges
878 1830 947 1863 acres
955 1850 966 1875 ‚

240 1891 270 1940 lo
320 1888 440 1955 Cultaque
458 1888 558 1938 Orestia
575 1890 677 1939 Taurica
693 1907 752 1940 tetra
768 1891 833 1940 Dea.

287 1967 393 2031 Quaque
409 1966 461 2016 alia
472 1982 569 2031 gentes,
586 1970 627 2016 ubi
641 1967 730 2034 frigore
739 1970 846 2019 constitit
859 1969 940 2031 ister,

317 2041 384 2090 Dura
396 2055 478 2089 meant
492 2041 580 2099 celeri,
594 2056 658 2105 terga
671 2058 713 2106 per
725 2045 820 2101 amnis,
841 2058 915 2107 equo.

286 2114 392 2163 Maxima
400 2130 451 2179 pars
464 2116 591 2162 hominnm
601 2128 695 2173 necte,
708 2114 881 2179 pulcherrima,
898 2130 1005 2176 curant,

317 2194 395 2241 Roma
427 2208 470 2241 nec
481 2192 579 2239 Ausonii
591 2190 673 2239 militis
684 2207 750 2241 arma
766 2195 859 2240 timent.

239 2283 265 2342 85
288 2270 354 2322 Dant
361 2271 453 2320 animos
464 2285 529 2317 arcut
539 2267 587 2316 illis
597 2268 720 2333 plenaque
730 2271 842 2333 pharetrae
853 2284 861 2325 3

317 2347 444 2413 Ququue
460 2345 519 2394 libet
530 2345 608 2410 longis
619 2346 723 2395 cursibus
734 2362 800 2411 aptus
811 2362 893 2412 equus.

284 2420 405 2487 Quodque
421 2423 486 2470 sitim
501 2417 607 2469 didicere
619 2418 659 2470 diu
678 2422 778 2471 tolerate
790 2422 927 2485 famemque
939 2439 947 2479 3

318 2498 437 2565 Quodque
448 2499 546 2564 sequena
562 2496 639 2547 nullas
655 2499 726 2548 hostis
737 2500 832 2548 habebit
842 2515 913 2564 aquas
923 2533 932 2557 ,

285 2580 322 2629 lta
331 2578 379 2627 Dei
390 2578 455 2625 mitit
471 2592 521 2624 non
532 2592 571 2625 me
590 2573 688 2625 mltiffet
699 2578 724 2625 in
735 2577 819 2637 illam,

232 2681 264 2723 ‚0
314 2658 338 2705 Si
349 2657 402 2705 satis
413 2656 463 2704 hac
474 2652 511 2702 illi
524 2668 583 2702 nota
594 2650 690 2709 fuisset,
704 2656 814 2703 humum.

281 2733 332 2783 Nec
350 2749 406 2791 me,
417 2747 461 2780 nec
476 2746 622 2797 quemquam
628 2724 764 2780 Rotnanum
772 2729 859 2797 gaudet
871 2731 900 2779 ab
913 2731 997 2793 holle,

267 2825 271 2833 ’
312 2811 401 2876 Meque
412 2812 491 2858 minus
502 2812 595 2867 ,vitam
605 2800 644 2857 cui
651 2806 719 2858 dedit
730 2810 793 2873 ipse,
809 2812 894 2873 premi.

280 2887 382 2951 Noluit,
399 2900 426 2935 ut
442 2900 555 2951 potetat,
568 2888 671 2935 minimo
683 2902 723 2934 me
734 2884 830 2950 perdere
840 2903 908 2935 nutu.

313 2965 355 3016 Nil
366 2980 425 3030 opus
439 2962 472 3012 est
482 2963 536 3013 ullis
552 2965 578 3012 iu
588 2980 641 3012 mea
652 2964 709 3013 Pata
721 2964 797 3014 Getis.

233 3062 263 3108 95
283 3041 705 3114 Sedneqteurmoretet‚quidquarn
713 3045 994 3110 mihicompetitadum:
