2325 3959
254 409 324 474 274
347 387 928 486 P.OVrn.NAS.ansr'.Lrn.V.

286 506 316 555 Et
327 503 422 554 laudem
430 506 534 570 probitas
542 509 702 571 irreprehensa
712 508 775 556 tulit.

252 583 296 631 Par
309 582 392 633 eadem
403 584 483 634 nostri
493 602 556 633 nunc
566 586 598 633 est
608 588 653 635 sibi
665 585 726 634 satia
736 586 813 635 ruini.

284 659 448 725 Conspicuum
459 661 581 713 virtushic
593 678 633 713 tua
644 678 793 728 ponatopus.
814 694 817 699 -

205 754 231 800 25
252 734 782 806 Effebonamfacileest,ubi‚quodveteteffe‚
793 754 923 789 remotum
931 741 995 799 est3

284 816 315 866 Et
324 816 473 867 nihilofficio
483 834 557 883 nupta
565 816 631 883 quod
637 818 728 879 obstet,
740 820 820 873 habet.

164 923 168 932 ι
254 894 395 945 CtimDeus
411 900 530 956 intonuit,
543 914 592 945 non
605 898 627 945 se
639 894 768 945 subducere
781 896 883 954 nimbo,
986 928 990 934 ·

286 970 315 1021 id
328 971 426 1023 demum
438 977 526 1038 pietas,
540 972 566 1024 id
577 975 669 1023 socialis
680 990 757 1025 arnor.

241 1061 243 1065 “
254 1050 314 1099 Rara
324 1049 422 1115 quidem
435 1055 525 1110 virtus,
538 1068 611 1118 quam
622 1068 672 1100 non
684 1054 788 1101 Fortuna
800 1052 923 1115 gubernet
935 1066 945 1106 3

204 1162 213 1191 ,
223 1147 240 1181 0
288 1128 347 1189 Quae
358 1144 453 1177 maneat
463 1128 556 1189 stabili,
569 1145 625 1177 cum
635 1128 698 1193 fugit
710 1129 752 1179 illa
759 1164 766 1187 ‚
781 1126 848 1192 pede.

252 1207 332 1270 Siqua
343 1220 422 1254 tamen
432 1208 500 1270 pretii
510 1208 554 1255 sibi
562 1223 651 1255 merces
662 1209 710 1270 ipsa
720 1209 803 1271 petiti,

286 1282 360 1349 Inque
371 1300 454 1347 parurn
466 1283 526 1332 letis
537 1282 610 1333 ardua
621 1284 689 1333 rebus
700 1282 780 1341 adest3

251 1358 287 1408 Ut
299 1375 391 1425 tempus
401 1364 528 1421 numeres,
544 1378 585 1425 per
595 1360 673 1410 secula
683 1360 749 1409 nulla
760 1372 867 1419 tacetur,

284 1437 315 1487 Et
327 1437 381 1487 loca
390 1442 521 1499 mirantur,
533 1430 583 1504 quai
597 1453 662 1503 patet
672 1440 736 1488 orbis
747 1441 800 1487 iter.

204 1534 230 1580 35
253 1515 341 1580 Aspicis
353 1549 362 1575 ‚
372 1530 398 1565 ut
410 1516 485 1581 longo
493 1531 588 1565 maneat
598 1514 723 1565 laudabilis
733 1531 784 1565 aevo

285 1592 382 1646 Nomen
393 1594 573 1653 inexstiniium,
586 1593 717 1659 Penelopia
725 1590 800 1641 fides?

253 1669 337 1719 Cernis
349 1706 358 1730 ,
373 1685 400 1719 ut
409 1670 506 1720 Admeti
518 1684 641 1731 cantetur,
654 1682 682 1721 ut
692 1671 800 1720 Heiioris
811 1686 890 1731 uxor,

240 1779 242 1783 -
284 1749 392 1813 Ansaque
402 1752 427 1797 in
434 1750 543 1797 acc'ensos
553 1749 632 1813 Iphias
643 1753 676 1797 ire
684 1764 754 1814 rogos
764 1752 773 1798 i

252 1827 286 1875 Ut
295 1830 360 1876 vivat
371 1827 436 1876 fami
447 1827 690 1892 conjuxPhylacii'a‚
704 1831 770 1891 cujus
786 1850 787 1854 ¹

122 1927 135 1945 ι
203 1934 234 1974 40
286 1904 381 1953 iliacam
394 1905 465 1953 celeri
472 1908 508 1954 vir
518 1902 578 1971 pede
587 1908 668 1970 pressit
679 1907 797 1953 humum?

127 1980 137 1999 ⁹
252 1981 295 2031 Nii
308 1999 368 2047 opus
379 1983 410 2032 est
422 1982 471 2032 leto
481 2000 525 2048 pro
537 2000 594 2037 me,
613 1982 651 2031 sed
664 1999 744 2031 amore
758 1980 863 2047 fideque:

284 2059 341 2109 Non
355 2079 383 2109 ex
398 2060 490 2110 difficili
499 2061 563 2110 fama
574 2059 674 2126 petenda
682 2062 725 2109 tibi
735 2060 775 2108 eii.

253 2133 304 2183 Nec
315 2151 337 2183 te
348 2136 491 2196 credideris,
505 2139 560 2203 quia
571 2153 620 2185 non
632 2136 690 2183 facis
700 2170 707 2195 ‚
717 2134 758 2183 ista
769 2135 870 2182 moneri.

286 2213 346 2262 Vela
356 2211 459 2273 damus,
473 2216 581 2279 quamvis
593 2216 680 2277 remige
693 2214 776 2277 puppis
786 2224 833 2259 eat.

201 2297 228 2339 45
253 2290 300 2349 Qui
315 2305 413 2346 monet,
425 2307 451 2340 ut
462 2291 545 2350 facias,
556 2288 624 2355 quod
635 2294 683 2353 jam
696 2288 769 2346 facis,
785 2286 826 2335 ille
839 2284 968 2335 monendo

284 2367 376 2417 Laudat
388 2402 397 2431 ‚
415 2373 438 2418 it
451 2370 547 2420 hortatu
555 2368 697 2431 comprobat
707 2368 756 2415 aeia
766 2367 817 2413 suo.

353 2612 509 2676 FINiS
559 2608 850 2675 TRiSTIUM.
