2325 3959
319 358 384 424 168
458 354 502 423 P.
532 356 688 423 Orrnrr
708 356 912 424 Nasortrs

347 476 429 527 Nescit
440 512 447 533 .
459 479 498 526 cui
508 474 610 526 domine
628 492 725 542 puteat,
738 475 803 527 unda
812 480 899 526 maris.

312 552 377 603 Nam
387 554 464 605 morin
482 571 601 620 purpureo
614 559 675 605 vires
692 559 756 621 capit
767 556 842 604 Eurus
854 557 885 604 ab
900 569 979 614 ortua

344 630 415 681 Nunc
427 632 550 697 Zephyrus
564 633 616 681 sero
626 633 721 697 vespere
732 630 814 681 missua
831 630 911 681 adest.

310 706 382 756 Nunc
399 706 491 772 gelidus
502 707 564 756 ricci
578 708 664 757 Boreas
676 709 803 757 bacchatur
815 709 846 757 ab
862 710 957 769 Arst03

263 804 292 849 30
342 786 413 835 Nunc
431 785 510 837 Notus
522 784 620 835 adversi
637 785 723 850 proelia
733 786 813 835 fronte
825 788 902 850 gerit.

307 864 392 913 Resior
408 868 433 914 in
444 867 537 913 incerto
549 864 595 925 est3
612 880 672 922 nec,
688 861 747 929 quid
760 862 868 927 fugiatve
881 880 1004 929 petatve,

337 943 567 1006 Invenitzambiguir
578 959 615 992 ars
627 943 703 1006 stupet
713 943 763 1006 ipsa
773 941 853 989 malis.
875 1002 877 1007 λ

304 1020 400 1070 Scilicet
411 1018 545 1069 occidimus
556 1037 565 1079 3
581 1036 626 1069 nec
638 1021 706 1084 spes,
721 1021 767 1068 nisi
779 1034 841 1067 vana
853 1053 861 1077 ‚
879 1020 967 1071 salutis
980 1042 986 1070 :

335 1097 448 1163 Dumque
461 1097 560 1163 loquor.
574 1098 656 1148 vultus
666 1098 748 1147 obtuit
760 1094 822 1145 unda
832 1113 915 1147 tneor.

256 1195 282 1236 35
302 1174 429 1240 opprimet
444 1178 505 1225 hane
519 1179 624 1225 animam
637 1174 737 1231 siuiiusr
751 1174 884 1241 frustraque
895 1181 1007 1242 precanti

332 1253 381 1304 Ore
397 1269 519 1304 necaturas
529 1258 672 1320 recipiemur
683 1270 763 1320 aquas.

299 1334 332 1380 At
348 1336 388 1396 pia
402 1332 437 1381 nil
452 1331 602 1397 aliudquarn
613 1348 652 1381 me
667 1331 735 1381 dolet
746 1329 824 1381 exsule
834 1334 948 1396 conju13
1046 1328 1050 1336 ’

330 1411 385 1460 Hoc
397 1428 472 1461 unum
485 1409 559 1459 nostri
569 1412 660 1476 scitque
670 1412 792 1475 gemitque
806 1409 877 1461 mali.

297 1488 381 1538 Nescit
390 1492 417 1539 irr
429 1490 548 1538 immenso
558 1491 639 1553 jastari
653 1504 753 1553 corpora
762 1501 856 1553 ponent

246 1587 280 1631 4⁰
328 1566 410 1617 Nescit
420 1570 459 1633 agi
475 1570 568 1617 tentis:
582 1566 657 1615 nescit
668 1563 745 1615 adesse
755 1580 848 1615 necem.

245 1642 247 1644 ’
294 1644 329 1693 Di
344 1646 418 1693 bene!
430 1643 498 1711 qupd
507 1662 558 1694 non
572 1647 626 1694 sum
635 1660 731 1695 mecum
744 1641 906 1696 conscendere
918 1642 1013 1709 pasius,

328 1721 365 1771 Ne
380 1725 440 1771 mihi
454 1740 519 1772 mors
535 1723 622 1773 misero
633 1723 669 1771 bic
679 1721 790 1787 parienda
801 1720 875 1771 foret.

293 1800 326 1849 At
336 1816 417 1860 nunc,
437 1815 465 1850 ut
479 1818 591 1866 peream,
611 1803 725 1867 quoniam
735 1813 799 1867 caret
810 1798 853 1849 illa
863 1800 979 1865 periclo,

326 1876 435 1927 Dimidii
449 1877 512 1928 cette
529 1875 720 1944 parte‘superstes
731 1895 781 1929 ern.

244 1976 274 2021 45
293 1953 338 2003 Hei
357 1954 431 2003 milri!
446 1955 521 2020 quam
532 1955 604 2005 celeri
620 1958 756 2006 micuerunt
764 1954 846 2005 nubila
856 1954 977 2008 flamma!

325 2033 433 2094 Quantus
450 2034 480 2083 ab
491 2034 589 2083 etherio
601 2034 710 2097 personat
723 2050 766 2085 are
776 2033 874 2097 fragor!

292 2109 344 2159 Nec
358 2111 433 2160 ieritis
446 2110 547 2160 laterum
558 2110 645 2161 tabule
657 2111 773 2161 feriuntur
783 2113 813 2160 ab
827 2108 898 2160 undis
905 2146 917 2172 ,

323 2188 405 2248 Quirn
424 2204 494 2253 grave
512 2188 600 2239 baliste
613 2192 703 2239 moeuia
715 2190 792 2255 pulsat
801 2205 874 2240 onus.

290 2264 339 2325 Qui
357 2270 424 2317 venit
438 2265 590 2325 urcfluuus,
607 2266 690 2317 fluctus
701 2270 975 2333 supereminctomnes5

242 2355 273 2401 50
324 2345 440 2394 Posterior
447 2361 515 2396 nono
526 2345 574 2405 est,
584 2342 759 2413 undecimoque
770 2350 843 2411 prior.

289 2421 341 2470 Nec
355 2422 430 2471 letum
446 2427 536 2472 timeoe
547 2438 620 2488 genus
631 2424 663 2473 est
672 2425 806 2475 miserabile
816 2424 869 2474 leti.

221 2529 224 2537 ·
320 2500 419 2551 Demite
433 2502 601 2567 naufragium,
615 2519 681 2552 mort
693 2506 753 2553 mihi
768 2520 853 2553 munus
863 2504 923 2555 erit.

287 2577 327 2628 Est
337 2579 444 2647 aliquid,
459 2580 539 2631 fatove
547 2582 591 2629 suo
604 2580 696 2633 sertore
711 2580 836 2633 cadentem

320 2658 348 2707 ln
367 2657 446 2709 solidi
455 2661 559 2709 moriens
566 2675 656 2725 ponere
663 2676 747 2726 corpus
754 2664 850 2719 hutn05

241 2728 267 2777 55
287 2736 319 2785 Et
338 2736 451 2787 mandare
464 2737 511 2787 suis
527 2737 637 2803 aliquid,
651 2741 741 2804 sperare
757 2740 912 2805 sepulcrum,

318 2814 350 2863 Et
365 2830 416 2863 non
428 2818 542 2881 aequoreis
556 2816 658 2880 piscibus
675 2814 721 2866 effe
735 2819 825 2867 cibum.

284 2892 379 2956 Fingite
389 2908 429 2940 me
438 2890 539 2959 dignum
549 2893 593 2944 tali
603 2910 677 2955 neces
688 2910 739 2946 non
754 2912 800 2961 ego
816 2894 881 2945 solur

318 2968 366 3018 Hic
378 2972 462 3021 vehor.
478 2972 614 3021 immeritos
624 2988 666 3022 eut
677 2990 730 3025 mea
744 2990 816 3039 pceua
830 2976 924 3023 trahit?

285 3046 349 3096 Pto!
368 3050 449 3113 Superi
462 3082 471 3110 ,
488 3047 624 3117 viridesque
633 3050 697 3113 Dei,
714 3053 800 3119 quibus
812 3068 908 3121 aequora
918 3055 1003 3103 cure!

888 3128 1009 3199 Utraque
