2325 3959
217 434 223 440 -
268 397 409 465 Errsr.
433 412 489 462 rx
506 393 666 466 ‘Pouro
689 397 726 465 L.
743 399 792 467 II.
815 422 879 485 309

202 517 277 568 Gutta
292 536 334 584 per
347 520 460 567 attonitas
477 519 528 565 ibat
543 518 629 567 oborta
644 534 723 582 genas.
901 526 934 572 9⁰

84 611 99 659 ᾗ,
169 592 228 643 Haec
246 599 319 660 igitur
334 596 456 653 reserens3
473 592 579 659 &quod
597 610 650 643 mea
666 597 765 645 crimina
777 600 847 663 primi

204 672 296 721 Errorir
316 671 386 721 venii
401 669 467 736 poffe
485 671 557 721 latere
573 670 660 729 vities3

84 786 97 820 Ι
171 748 277 811 Respicis
295 752 420 813 antiquum
439 749 509 813 lapsis
525 752 551 797 in
567 750 636 799 rebus
655 752 776 811 amicum,

207 826 374 891 fomentisque
392 830 458 891 juvas
476 825 574 875 vulnera
588 826 666 875 nostra
677 829 730 875 ruis.

173 902 220 951 Pro
231 905 317 967 quibus
329 902 430 967 optandi
445 906 464 951 si
480 904 549 951 nobis
560 905 630 966 copia
642 901 696 957 fiat,
903 902 932 952 95

206 981 269 1029 Tam
281 973 341 1029 benc
351 984 482 1044 promerito
492 980 624 1029 commoda
635 980 702 1029 mille
711 996 802 1045 precer.

173 1056 220 1106 Sed
232 1060 251 1105 si
262 1058 313 1107 sola
322 1060 383 1107 mihi
393 1056 479 1107 dentur
497 1072 538 1107 tua
551 1074 626 1117 νοτες
639 1060 769 1122 precabor,

207 1135 243 1185 Ut
259 1137 370 1196 ubisit,
387 1136 453 1186 salvo
471 1135 564 1187 Caesare
578 1170 587 1195 ,
603 1136 666 1184 salva
683 1152 774 1200 parens.

174 1212 233 1262 Haec
253 1229 319 1277 ego,
340 1212 395 1262 crim
410 1214 497 1262 faceres
514 1213 597 1262 altaria
617 1216 714 1278 pinguia
731 1228 803 1272 ture,

208 1292 245 1341 Tc
261 1290 359 1339 solitum
375 1295 475 1340 memini
490 1294 567 1357 prima
579 1306 662 1355 rogare
674 1290 749 1340 Deos.
893 1302 903 1336 1
924 1303 939 1333 0

160 1419 870 1521 ismfflssfflr
964 1431 968 1436 ’

308 1568 797 1655 ΕΡΙεΓοιΑΙν.’

400 1734 676 1801 Arrrco

179 1828 357 1949 Αοοιη
374 1896 525 1963 colloquium
541 1896 623 1962 gelido
640 1898 743 1949 Nasonis
759 1900 788 1949 ab
805 1900 882 1959 istro,

135 1985 139 1993 ’
214 1978 310 2032 Attice,
326 1971 417 2038 judicio
431 1989 481 2021 nou
491 1971 622 2023 dubiunde
632 1991 697 2023 mco.

145 2070 151 2079 ·
181 2051 276 2118 Ecquid
288 2050 366 2100 adhuc
379 2067 486 2099 remanes
499 2067 593 2100 memor
607 2050 709 2101 infelicis
726 2058 811 2103 amici?

216 2130 310 2177 Deserit
328 2144 358 2177 an
374 2143 452 2192 partes
467 2127 579 2192 languida
599 2144 654 2179 cura
669 2131 738 2180 suas?

182 2205 242 2256 Non
253 2210 286 2254 ira
296 2203 330 2254 Di
342 2206 415 2254 tristes
425 2207 485 2253 mihi
496 2206 550 2254 sunt
557 2240 566 2264 ,
580 2220 607 2254 ut
623 2204 717 2256 credere
735 2212 838 2272 possim,
913 2232 925 2282 5

217 2286 307 2349 Fasque
322 2299 404 2348 putem
423 2286 473 2347 jam
492 2298 514 2331 tc
532 2298 582 2331 non
599 2280 732 2333 meminisse
748 2290 804 2334 mei.

183 2362 245 2411 Ante
262 2378 328 2409 meos
344 2360 428 2410 oculos
446 2375 485 2408 tua
503 2360 547 2408 stat
556 2394 564 2419 ,
584 2376 624 2410 tua
635 2363 726 2425 semper
737 2365 818 2427 imago
832 2365 879 2417 est:
927 2374 929 2379 ’

217 2440 248 2489 Et
265 2438 349 2488 videor
362 2438 443 2489 vultus
461 2452 540 2486 mente
558 2436 639 2487 videre
660 2454 722 2487 tuos.
858 2430 861 2433 ’

184 2518 248 2566 Seria
266 2516 342 2565 multa
359 2519 419 2563 mihi
436 2530 516 2563 tecum
532 2515 621 2564 collata
640 2514 753 2566 recordor
769 2536 776 2565 ι

221 2594 271 2641 Nec
283 2591 337 2640 data
348 2590 456 2657 jucundis
469 2607 577 2657 tempora
594 2608 668 2657 pauca
682 2599 751 2659 iocis.
918 2600 946 2637 ¹0

186 2671 252 2734 Saepe
272 2672 325 2717 citae
345 2669 423 2732 longis
438 2670 492 2717 visre
510 2671 659 2718 sermonibus
674 2673 761 2721 horae:

220 2747 284 2808 Saepe
303 2744 350 2792 fuit
365 2746 478 2801 brevior,
498 2745 572 2806 quim
592 2763 645 2794 mea
661 2750 752 2809 verba,
770 2749 830 2800 dies.

187 2826 252 2887 Saepc
263 2838 314 2872 tuas
325 2823 413 2871 fastum
423 2823 489 2872 venit
499 2819 576 2889 modp
587 2838 683 2873 carmen
694 2822 725 2874 ad
735 2842 817 2887 aures5

220 2903 251 2950 Et
261 2917 324 2959 nova
333 2898 423 2965 judicio
433 2896 527 2947 subdita
537 2900 608 2949 Musa
618 2914 660 2949 tuo
675 2902 715 2951 est.

188 2978 262 3040 Quod
281 2995 307 3027 tu
321 2976 447 3037 laudatas,
470 2976 561 3043 populo
582 2976 695 3042 placuisse
713 2984 825 3045 putabam
846 3005 852 3034 r
916 2982 942 3035 ¹5

220 3057 275 3109 Hoc
289 3060 393 3123 pretium
409 3071 470 3109 cure
485 3054 554 3110 dulce
570 3060 670 3107 recentis
686 3075 744 3111 erar.
