2325 3959
273 438 343 513 ²54
414 418 458 492 P.
484 422 640 493 Orruit
667 414 864 495 Nasoutr‘

271 545 372 595 Barbara
383 562 422 595 me
433 546 520 606 tellus,
531 548 642 614 orbisque
653 552 782 599 novissima
792 550 874 615 magni

302 623 422 682 Sustinet3
437 628 461 673 δι
473 628 534 675 saevo
546 629 635 674 cinstus
646 628 675 675 ab
688 629 752 676 hoste
764 626 839 676 locus.

270 698 385 765 Hintego
397 705 531 767 trajiceret,
544 718 620 769 neque
627 708 691 754 eninr
697 719 750 754 mea
758 705 943 771 cuipatruenta
958 702 1015 766 est,

302 771 384 838 Effer,
398 796 451 845 qua
464 779 550 842 debet,
565 786 584 830 ri
601 783 644 831 tibi
660 799 715 863 turp
730 787 786 832 mei.

224 860 250 909 ἃς
270 854 314 904 ille
325 856 406 916 Deus,
420 860 478 907 bene
489 876 538 924 quo
546 861 654 910 Romana
665 865 771 926 potentia
779 861 889 920 maest,

303 935 367 999 Saepe
377 938 500 985 suovistor
508 937 567 986 lenit
574 941 599 985 in
608 938 673 987 hoste
684 938 739 988 fuit.

269 1010 336 1071 Quid
343 1011 453 1063 dubitas?
465 1012 524 1079 quid
532 1031 582 1063 tura
593 1018 678 1065 times?
690 1014 791 1071 accede,
804 1032 921 1081 togaque.

302 1089 394 1140 Caesare
402 1092 435 1139 nil
443 1095 525 1155 ingens
536 1094 617 1142 mitius
625 1095 691 1142 orbis
699 1096 779 1143 habet.

269 1169 311 1217 Me
321 1170 442 1217 miserum!
451 1167 596 1234 quidagam,
604 1174 621 1219 si
627 1174 736 1236 proxima
744 1186 823 1237 quaeq3
833 1171 1000 1236 relinquunt?

221 1260 254 1304 40
302 1246 423 1295 Subtrahis
432 1244 530 1297 effrasto
540 1264 566 1297 tu
575 1265 671 1315 quoque
681 1250 745 1298 colla
754 1254 811 1314 jugo
821 1254 829 1298 Ξ

269 1322 326 1385 Qud
334 1324 412 1376 ferat?
424 1325 486 1375 unde
496 1342 575 1391 petam
588 1328 657 1392 lapsis
665 1327 749 1377 solatia
759 1330 843 1376 rebus?

300 1406 394 1453 Ancora
403 1408 451 1468 jam
463 1407 566 1453 nostram
573 1422 624 1453 non
632 1418 696 1455 tener
705 1405 754 1455 ulla
767 1420 850 1453 tatem.

268 1478 378 1530 Viderit:
391 1482 441 1545 ipse
451 1484 556 1541 sacram,
571 1487 680 1548 quamvis
693 1484 794 1542 invisus,
809 1480 838 1531 ad
851 1498 918 1531 aram

300 1556 449 1622 Confugiam
460 1578 467 1608 r
478 1559 556 1607 nullas
565 1562 692 1610 submovet
702 1576 741 1610 ara
749 1576 840 1609 manus.

220 1634 250 1682 45
271 1635 388 1700 Alloquor
396 1652 425 1684 en
435 1638 517 1685 absens
524 1638 646 1700 prasentia
654 1643 753 1687 numina
762 1639 856 1704 supplex
867 1657 874 1687 t

302 1716 325 1760 Si
336 1714 369 1760 fas
377 1714 409 1763 est
417 1716 574 1762 hominicum
585 1716 643 1765 Jove
655 1713 721 1781 poise
734 1716 810 1781 loqui.

269 1790 363 1837 Arbiter
373 1792 466 1853 imperii
477 1790 484 1838 1
497 1807 546 1855 quo
556 1806 648 1841 certum
660 1794 692 1841 est
700 1794 786 1857 sospite
792 1796 888 1843 cundior

301 1868 410 1917 Ausonia
420 1883 501 1916 curam
512 1872 589 1933 gentis
599 1872 685 1920 habere
696 1870 773 1920 Deos:

269 1945 292 1994 0
307 1944 378 1995 decus
390 1947 396 1995 l
409 1945 425 1995 d
439 1950 520 2010 patria
527 1964 568 2013 per
580 1963 602 1997 re
613 1944 720 1997 florentis
729 1952 810 2014 imago
822 1950 829 1997 i

222 2038 252 2086 50
303 2023 325 2071 0
336 2027 372 2073 vir
383 2041 432 2073 nou
441 2026 492 2090 ipso
501 2058 510 2085 ,
519 2041 592 2091 quem
603 2030 681 2091 regia,
694 2029 752 2076 orbe
768 2027 861 2076 minor!

269 2102 307 2150 sic
317 2103 408 2151 habites
421 2118 510 2161 terrae,
526 2107 550 2151 dt
563 2119 586 2153 te
598 2102 715 2153 desideret
730 2106 817 2155 aetheri

301 2182 338 2228 Sit
350 2179 380 2229 ad
387 2184 453 2245 padia
461 2183 505 2229 tibi
513 2179 589 2230 sidera
600 2180 679 2231 tardus
690 2198 727 2230 eas
738 2184 744 2231 Ξ

268 2257 357 2317 Parce,
374 2275 456 2323 pretor
465 2278 471 2306 ε
481 2262 655 2325 minimamque
666 2274 709 2309 tuo
720 2259 750 2310 de
762 2260 862 2311 fulmine
873 2276 963 2327 partem

301 2334 377 2383 Deme
387 2354 394 2393 3
408 2339 461 2385 satis
471 2349 564 2399 pernae,
575 2335 644 2401 quod
653 2338 788 2401 superabit,
801 2344 855 2389 erit.

224 2426 249 2475 55
270 2411 306 2461 Ira
316 2411 414 2477 quidem
423 2412 547 2463 moderata
560 2428 600 2461 tua
611 2415 659 2472 τῆς
670 2419 793 2481 vitamque
804 2417 905 2469 dedisti:

301 2490 353 2539 Nec
363 2494 423 2539 mihi
434 2495 470 2554 jus
477 2492 554 2548 civia,
566 2506 610 2539 nec
623 2495 683 2541 mihi
694 2510 785 2543 nonren
795 2496 867 2545 abest.

267 2567 319 2616 Nec
327 2584 380 2616 mea
390 2564 498 2617 conoeffa
509 2568 541 2615 est
551 2568 604 2616 aliis
617 2569 782 2620 Fortunatuec
793 2575 858 2621 exsui

300 2644 377 2693 [diui
387 2647 464 2695 verbis
473 2648 588 2695 nominor
601 2648 650 2711 ipse
662 2651 705 2696 tui.

267 2722 403 2787 Omniaque
414 2724 465 2771 hac
477 2727 546 2772 timui
559 2758 568 2782 ,
585 2728 641 2789 quia
651 2742 690 2774 me
702 2725 812 2777 meruiffe
821 2726 943 2781 videbamr

218 2812 250 2849 ue
298 2800 344 2851 Sed
354 2816 394 2850 tua
406 2802 590 2866 peceatolenior
601 2806 635 2851 ira
645 2820 701 2853 meo
709 2805 750 2853 est.

266 2878 329 2928 Arva
337 2879 467 2944 relegatum
478 2880 562 2943 jussisti
571 2882 645 2930 visere
659 2882 743 2937 Ponti,

298 2956 330 3005 Et
340 2958 478 3019 Scythicum
489 2958 592 3023 profugit
603 2954 692 3008 findere
702 2974 780 3025 puppe
793 2960 890 3012 fretum.

266 3031 342 3084 Juuus
350 3032 381 3083 ad
391 3034 477 3085 Euxini
487 3033 605 3085 deformia
616 3036 687 3087 litora
694 3042 757 3088 veui.

243 3157 247 3166 ,
299 3111 485 3179 AEquotisthaec
496 3112 578 3178 gelido
587 3128 648 3165 terra
657 3115 700 3167 sub
711 3118 831 3181 axejatet.
870 3114 871 3117 ’
