2325 3959
263 376 329 461 298
379 370 422 437 P.
462 370 618 436 Ovtnrr
655 366 853 437 umoris

293 493 358 544 Cum
370 492 491 558 fugerem,
501 493 559 540 vivo
570 507 627 556 quas
638 488 706 541 dedit
716 490 757 540 ille
769 493 839 541 mihi.
919 532 921 539 .

261 571 377 623 Carmina
386 574 437 636 jure
448 568 532 619 damus
546 586 610 618 raros
625 569 732 618 testantia
742 585 837 627 mores,

293 647 328 696 Ut
341 662 381 697 tua
395 650 487 696 venturi
501 647 616 704 nomina,
635 642 723 705 celse,
742 644 831 709 legant.

208 740 237 784 45
260 726 313 774 Hoc
325 724 375 783 est,
390 722 457 790 quod
471 720 565 789 poffum
578 722 668 772 Geticis
686 724 730 771 tibi
744 726 839 771 mittere
854 720 883 769 ab
898 722 995 769 aruis:

291 804 345 855 Hoc
357 802 435 852 sulum
447 801 479 851 est
489 801 554 855 istic,
566 798 633 867 quod
649 800 725 867 liquet
739 797 785 849 effe
801 816 895 847 meum.

260 882 351 933 Funera
367 898 411 931 nec
427 882 496 946 potui
510 882 644 938 comitare,
664 895 707 927 nec
723 893 810 944 ungere
828 893 920 944 corpus
943 895 952 925 z

297 960 360 1025 Aque
373 962 418 1009 tuis
431 971 483 1007 toto
494 954 589 1006 dividor
600 957 657 1005 orbe
669 959 741 1021 rogis.

261 1036 309 1096 Qui
319 1038 414 1101 potuit,
427 1052 499 1101 quem
512 1050 537 1083 tu
548 1052 591 1098 pto
601 1037 699 1083 numine
709 1036 778 1084 vivus
789 1034 890 1083 habebas
900 1069 914 1093 ,

213 1118 244 1168 50
293 1115 401 1163 Ptaestitit
415 1111 523 1161 officium
537 1111 657 1161 Maximus
675 1128 747 1161 omne
765 1113 816 1161 tibi.

260 1190 305 1241 llie
316 1193 360 1240 tibi
373 1192 508 1256 exsequias,
527 1192 551 1238 δι
566 1191 648 1254 magni
660 1188 729 1239 funus
742 1192 837 1238 honoris

292 1270 377 1328 Fecit3
400 1273 424 1317 δι
442 1271 468 1317 iu
484 1265 577 1333 gelidos
593 1270 664 1315 versit
679 1284 776 1318 amoma
789 1271 861 1315 sinus.

260 1345 340 1397 Diluit
356 1350 380 1395 bt
397 1346 508 1408 lacrymis
524 1361 623 1394 marens
640 1361 759 1408 unguenta
777 1346 896 1409 profusis,

293 1422 397 1492 Offaque
409 1422 489 1476 vicini
505 1420 603 1473 condita
618 1426 677 1471 texit
690 1425 774 1471 humo.

215 1497 241 1542 Η
262 1502 309 1563 Qui
320 1506 434 1569 quoniam
446 1501 577 1558 exstitistis,
590 1515 641 1565 quae
653 1497 737 1558 debet,
750 1498 839 1563 praestat
850 1502 940 1548 antitis
947 1533 959 1560 ‚

290 1581 323 1631 Et
331 1598 375 1631 nos
385 1582 501 1631 exstiniiis
512 1593 666 1627 annumerare
674 1576 758 1641 potest.

277 1709 537 1772 (εει-..ἑ
590 1713 603 1725 ’
647 1725 962 1766 --.ᾳ-ω-..)

277 1871 280 1877 ’
372 1853 745 1915 'EPISTOLA
786 1849 824 1912 X.

471 2000 743 2063 FLACCO.

297 2092 324 2137 γ
746 2114 748 2119 .

257 2096 315 2213 ΙΝ
327 2178 343 2211 Α
353 2178 388 2211 so
407 2165 448 2211 suo
457 2162 572 2228 profugus
584 2164 659 2211 mittit
670 2162 729 2221 tibi,
741 2160 839 2218 flacce,
851 2160 957 2211 salutem
968 2178 977 2211 =

288 2242 385 2291 Mittere
396 2258 446 2289 rem
457 2244 476 2289 si
487 2244 555 2306 quis,
565 2240 614 2305 quai
625 2256 689 2289 caret
698 2240 764 2303 ipse,
780 2237 872 2304 potest,
933 2298 935 2306 A

255 2319 351 2382 Longus
373 2321 436 2366 enim
455 2322 517 2366 tutis
530 2321 642 2367 vitiatum
661 2332 745 2381 corpus
763 2319 848 2365 amaris

288 2395 345 2443 Non
355 2399 444 2461 patitur
452 2398 514 2445 vites
525 2396 626 2460 languor
636 2397 721 2443 habere
732 2397 792 2443 suas.

225 2480 234 2520 5
254 2473 305 2523 Nec
316 2472 387 2523 dolor
397 2474 458 2521 ullus
471 2472 552 2531 adest,
563 2491 608 2524 nee
623 2475 727 2541 febribus
738 2490 793 2523 utor
803 2471 909 2532 anhelis3

286 2552 317 2601 Et
326 2555 418 2617 peragit
428 2551 493 2600 soliti
504 2568 564 2603 vena
575 2557 664 2602 tenoris
675 2556 728 2604 iter.

254 2627 287 2678 Os
298 2629 367 2677 hebes
381 2629 427 2687 est,
444 2633 574 2696 positaeque
586 2645 685 2681 movent
698 2626 793 2681 fastidia
803 2629 889 2677 mensae
901 2646 908 2677 ε

286 2707 316 2756 Et
331 2722 431 2772 queror,
445 2710 515 2758 invisi
527 2709 582 2757 etim
593 2712 659 2758 venit
669 2710 728 2759 hora
739 2706 796 2755 cibi.

253 2782 326 2845 Quod
339 2800 404 2835 mate
413 2784 426 2845 ,'
434 2785 500 2851 quod
516 2787 603 2845 telius,
616 2802 726 2852 appone,
739 2782 807 2851 quod
816 2782 902 2834 educat
912 2791 970 2845 a'e'r3

206 2866 234 2901 ¹0
273 2862 326 2912 ·Nil
345 2864 401 2922 ibi,
423 2862 490 2928 quod
504 2866 575 2913 nobis
592 2866 724 2917 esuriatur,
743 2866 795 2911 etit.

252 2941 337 2992 Neues
348 2944 372 2990 δι
383 2944 541 3002 ambrosiam,
558 2942 639 2991 latices
659 2941 785 3007 epulasque
802 2940 932 3003 Deorum,

282 3019 331 3069 Det
348 3021 410 3069 mihi
426 3018 534 3070 formosi
550 3036 611 3070 nava
627 3021 728 3071 iuventa
741 3033 828 3076 manu5

250 3096 307 3147 Non
317 3111 398 3148 tamen
409 3112 507 3149 exacuet
519 3112 614 3163 torpeus
624 3100 694 3165 sapor
704 3096 746 3148 ille
755 3095 862 3162 palatum
874 3114 882 3145 e
