2325 3959
312 397 382 466 ‚118
460 390 503 459 P.
534 392 689 459 Ournrr
712 392 910 461 NAsours

348 515 386 562 Fit
395 515 496 578 pretium
509 512 602 578 dignis3
615 530 657 563 nec
668 515 712 563 sibi
724 516 821 581 quisque
831 516 924 581 placet.

314 588 360 639 llic
371 591 440 639 status
448 595 473 639 in
485 592 550 661 “qu
559 592 648 640 multos
658 596 787 657 permansit
797 596 822 641 in
834 608 934 653 annos,

346 668 411 717 Dum
422 672 499 719 senior
511 668 566 718 fatis
574 658 663 719 exeidit
674 686 727 719 arce
738 670 812 719 Deua.

267 750 292 801 ὓς
313 744 387 795 Terra
397 746 458 797 feros
470 762 565 812 partus,
576 750 692 797 immania
701 748 821 803 monstra,
832 748 958 813 Gigantas
970 784 979 809 ‚

346 823 443 883 Edidit,
455 827 552 875 ausuros
563 828 587 873 iu
595 826 660 876 lovis
671 830 705 876 ire
713 824 824 875 domum.

313 901 384 950 Mille
393 919 476 953 manus
487 902 534 952 illis
545 901 612 954 dedit
624 938 633 959 ,
651 907 675 953 δε
688 920 733 971 pro
746 906 851 954 cruribus
862 916 980 969 angues:

346 981 422 1045 Atque
434 984 483 1039 ait,
495 983 521 1029 in
534 996 633 1046 magnos
643 997 708 1032 arma
716 980 811 1031 movele
819 980 895 1029 Deos.

312 1056 433 1105 Exstruere
445 1060 470 1105 hi
482 1071 575 1105 montes
592 1055 622 1106 ad
633 1056 708 1107 sidera
719 1060 811 1108 summa
821 1057 963 1123 parabant,

262 1138 295 1183 40
344 1136 375 1183 Et
393 1151 507 1198 magnum
523 1134 588 1183 bello
606 1135 723 1184 solicitare
739 1136 833 1184 lovem.

312 1212 422 1261 Fulmina
433 1212 462 1261 de
474 1210 530 1261 coeli
539 1212 655 1276 jaculatus
666 1214 772 1278 luppiter
785 1229 837 1263 arte

344 1291 422 1339 Vertit
432 1292 457 1338 in
467 1293 570 1339 austures
581 1287 686 1354 pondera
694 1288 757 1339 valla
767 1291 830 1343 suos.

310 1367 354 1417 His
364 1369 422 1417 bene
431 1368 539 1432 Maiestas
550 1371 621 1417 armis
631 1366 727 1419 defensa
734 1366 842 1417 Deorum

343 1446 466 1496 Restatz&
478 1464 505 1495 tx
514 1446 559 1495 illo
570 1462 678 1510 tempore
690 1444 758 1494 firma
769 1458 858 1495 manet.

260 1526 290 1572 45
309 1524 403 1574 Assidet
413 1524 455 1573 illa
464 1525 534 1575 lovi:
546 1525 611 1573 lovis
621 1525 653 1573 est
664 1520 778 1573 fidissima
788 1523 864 1571 custos
874 1539 881 1571 a

343 1601 374 1651 Et
385 1602 476 1667 prestat
487 1606 536 1651 sine
547 1604 571 1650 vl
584 1603 673 1666 sceptra
683 1597 806 1655 tremenda
816 1600 879 1649 lovi.

309 1678 383 1729 Venit
394 1682 419 1727 δι
430 1682 455 1728 ὶιι
463 1694 534 1728 terras
545 1697 551 1727 r
563 1678 689 1728 coluerunt
700 1677 817 1727 Romulus
829 1678 899 1727 illam

341 1756 374 1805 Et
387 1756 485 1805 Numa:
498 1772 554 1820 mox
567 1756 622 1815 alii,
637 1770 743 1821 tempore
752 1758 851 1821 quisque
862 1757 915 1804 luo.

310 1831 355 1881 llla
365 1849 441 1897 patres
454 1835 479 1882 in
497 1836 588 1883 honore
601 1837 641 1898 pio
648 1840 780 1900 matresque
789 1848 881 1883 tuetur:

262 1910 293 1956 50
341 1910 823 1977 Illacomespuerisvirginibusquevenit.

308 1987 354 2037 llla
367 1986 435 2037 datos
452 1988 525 2037 fasces
541 1986 711 2049 commendat,
729 1991 833 2055 eburque
844 1988 947 2040 curule:

340 2061 384 2111 llla
394 2066 513 2111 coronatis
523 2062 570 2111 alta
581 2064 712 2127 triumphat
722 2064 796 2127 equis.

306 2139 411 2189 Finierat
419 2156 490 2189 voces
501 2138 679 2201 Polyhymnia:
693 2137 754 2186 dina
765 2138 896 2202 probarunt

339 2215 460 2281 Clioque,
479 2220 504 2264 ὃ(
516 2231 593 2263 curvae
604 2216 663 2263 scita
673 2212 758 2265 Thalia
769 2213 834 2276 lyrae.

262 2302 272 2349 5
279 2303 289 2350 5
307 2292 401 2359 Excipit
416 2292 519 2341 Uranie:
528 2292 605 2341 fecere
616 2292 709 2341 silentia
719 2292 822 2349 cundram

339 2372 370 2421 Et
382 2369 513 2421 voxaudiri
524 2370 607 2425 nulla,
619 2373 664 2418 nisi
674 2369 716 2418 illa
726 2369 811 2434 potest.

306 2450 395 2514 Magna
409 2449 456 2497 fuit
473 2447 595 2513 quondam
608 2451 690 2512 capitis
702 2450 831 2497 reverentia
842 2448 894 2495 canl
907 2482 915 2507 ‚

337 2527 412 2594 Inque
426 2528 468 2575 suo
480 2529 555 2591 pretio
571 2542 630 2590 ruga
640 2526 718 2575 senilis
728 2541 786 2577 erat·
881 2524 889 2537 ⁸

305 2603 390 2654 Martis
399 2621 458 2669 opus
468 2609 581 2668 juvenes,
597 2606 750 2671 ammosaque
761 2606 838 2661 bella,
850 2606 968 2671 gerebant
979 2628 986 2659 t

258 2683 289 2721 ⁶0
337 2682 368 2731 Et
382 2698 427 2747 pto
440 2679 485 2730 Dls
501 2679 599 2730 aderant
609 2684 634 2729 in
645 2681 744 2731 statione
755 2686 809 2731 suis.

305 2760 401 2808 Viribus
414 2759 456 2809 illa
470 2764 566 2818 minor,
578 2776 622 2808 nec
636 2758 750 2810 habendis
761 2761 825 2811 utilis
841 2766 933 2824 armis,

336 2836 449 2887 Consilio
459 2841 538 2901 patria
549 2838 609 2903 sape
617 2836 706 2887 ferebat
717 2856 797 2903 opem.

305 2913 356 2963 Nec
367 2915 412 2963 nisi
422 2914 474 2979 post
485 2931 558 2963 anuos
568 2917 645 2980 patuit
654 2931 710 2965 tunc
720 2916 793 2967 Curia
805 2919 882 2974 seron

338 2988 435 3037 Nomen
447 2992 471 3037 &
485 2992 559 3038 atatis
569 2992 628 3038 mite
639 2992 736 3041 Senatus
747 3008 804 3041 erat.

256 3059 284 3115 ⁶5
304 3067 359 3118 lura
369 3065 442 3118 dabat
451 3066 542 3133 populo
550 3069 626 3117 senior
638 3087 645 3117 ι
657 3066 770 3134 finitaque
781 3071 850 3119 certia
