<?xml version="1.0" encoding="UTF-8"?>
<!DOCTYPE html PUBLIC "-//W3C//DTD XHTML 1.0 Transitional//EN"
    "http://www.w3.org/TR/xhtml1/DTD/xhtml1-transitional.dtd">
<html xmlns="http://www.w3.org/1999/xhtml" xml:lang="en" lang="en">
 <head>
  <title>
</title>
<meta http-equiv="Content-Type" content="text/html;charset=utf-8" />
  <meta name='ocr-system' content='tesseract 3.04.00' />
  <meta name='ocr-capabilities' content='ocr_page ocr_carea ocr_par ocr_line ocrx_word'/>
</head>
<body>
  <div class='ocr_page' id='page_1' title='image "./povidiinasoniso02ovidgoog_0340.png"; bbox 0 0 2325 3959; ppageno 0'>
   <div class='ocr_carea' id='block_1_1' title="bbox 318 363 941 451">
    <p class='ocr_par' dir='ltr' id='par_1_1' title="bbox 318 363 941 451">
     <span class='ocr_line' id='line_1_1' title="bbox 318 363 941 451; baseline 0.024 -23"><span class='ocrx_word' id='word_1_1' title='bbox 318 367 383 451; x_wconf 78' lang='lat'>338</span> <span class='ocrx_word' id='word_1_2' title='bbox 457 363 502 433; x_wconf 92' lang='lat' dir='ltr'>P.</span> <span class='ocrx_word' id='word_1_3' title='bbox 531 366 689 435; x_wconf 75' lang='lat' dir='ltr'>Orrnrr</span> <span class='ocrx_word' id='word_1_4' title='bbox 706 370 905 441; x_wconf 69' lang='lat' dir='ltr'>Nasonis</span> <span class='ocrx_word' id='word_1_5' title='bbox 923 396 941 405; x_wconf 87' lang='grc'>··</span> 
     </span>
    </p>
   </div>
   <div class='ocr_carea' id='block_1_2' title="bbox 159 480 1068 1333">
    <p class='ocr_par' dir='ltr' id='par_1_2' title="bbox 265 480 909 711">
     <span class='ocr_line' id='line_1_2' title="bbox 345 480 837 557; baseline 0.02 -26"><span class='ocrx_word' id='word_1_6' title='bbox 345 480 461 534; x_wconf 83' lang='lat' dir='ltr'>Juviffent</span> <span class='ocrx_word' id='word_1_7' title='bbox 477 484 558 552; x_wconf 70' lang='lat' dir='ltr'>aliqui</span> <span class='ocrx_word' id='word_1_8' title='bbox 575 486 675 537; x_wconf 78' lang='lat' dir='ltr'>forsitan</span> <span class='ocrx_word' id='word_1_9' title='bbox 689 488 752 539; x_wconf 90' lang='lat' dir='ltr'>illud</span> <span class='ocrx_word' id='word_1_10' title='bbox 768 508 837 557; x_wconf 90' lang='lat' dir='ltr'>opus.</span> 
     </span>
     <span class='ocr_line' id='line_1_3' title="bbox 313 562 909 634; baseline 0.017 -25"><span class='ocrx_word' id='word_1_11' title='bbox 313 562 434 612; x_wconf 82' lang='lat' dir='ltr'>Plausibus</span> <span class='ocrx_word' id='word_1_12' title='bbox 450 580 478 612; x_wconf 84' lang='lat' dir='ltr'>ex</span> <span class='ocrx_word' id='word_1_13' title='bbox 494 568 550 628; x_wconf 84' lang='lat' dir='ltr'>ipsis</span> <span class='ocrx_word' id='word_1_14' title='bbox 567 566 671 630; x_wconf 86' lang='lat' dir='ltr'>populi,</span> <span class='ocrx_word' id='word_1_15' title='bbox 687 567 790 634; x_wconf 79' lang='lat' dir='ltr'>latoque</span> <span class='ocrx_word' id='word_1_16' title='bbox 806 568 909 631; x_wconf 83' lang='lat' dir='ltr'>favore,</span> 
     </span>
     <span class='ocr_line' id='line_1_4' title="bbox 265 640 830 711; baseline 0.014 -23"><span class='ocrx_word' id='word_1_17' title='bbox 265 650 294 695; x_wconf 82' lang='lat'>30</span> <span class='ocrx_word' id='word_1_18' title='bbox 342 640 468 705; x_wconf 82' lang='lat' dir='ltr'>Ingenium</span> <span class='ocrx_word' id='word_1_19' title='bbox 487 641 726 709; x_wconf 86' lang='lat' dir='ltr'>quodvis&#39;incaluiffe</span> <span class='ocrx_word' id='word_1_20' title='bbox 745 646 830 711; x_wconf 84' lang='lat' dir='ltr'>potest.</span> 
     </span>
    </p>

    <p class='ocr_par' dir='ltr' id='par_1_3' title="bbox 307 718 975 946">
     <span class='ocr_line' id='line_1_5' title="bbox 310 718 975 789; baseline 0.011 -22"><span class='ocrx_word' id='word_1_21' title='bbox 310 718 419 785; x_wconf 80' lang='lat' dir='ltr'>Tamque</span> <span class='ocrx_word' id='word_1_22' title='bbox 436 736 481 785; x_wconf 81' lang='lat' dir='ltr'>ego</span> <span class='ocrx_word' id='word_1_23' title='bbox 497 719 630 770; x_wconf 75' lang='lat' dir='ltr'>sumsissern</span> <span class='ocrx_word' id='word_1_24' title='bbox 646 723 689 772; x_wconf 90' lang='lat' dir='ltr'>tali</span> <span class='ocrx_word' id='word_1_25' title='bbox 706 723 819 789; x_wconf 84' lang='lat' dir='ltr'>clangore</span> <span class='ocrx_word' id='word_1_26' title='bbox 831 726 975 788; x_wconf 81' lang='lat' dir='ltr'>vigorem,</span> 
     </span>
     <span class='ocr_line' id='line_1_6' title="bbox 341 796 889 865; baseline 0.005 -20"><span class='ocrx_word' id='word_1_27' title='bbox 341 796 422 857; x_wconf 76' lang='lat' dir='ltr'>Qudm</span> <span class='ocrx_word' id='word_1_28' title='bbox 436 796 500 847; x_wconf 88' lang='lat' dir='ltr'>rudis</span> <span class='ocrx_word' id='word_1_29' title='bbox 512 798 595 848; x_wconf 74' lang='lat' dir='ltr'>auditi</span> <span class='ocrx_word' id='word_1_30' title='bbox 605 800 674 865; x_wconf 83' lang='lat' dir='ltr'>rniles</span> <span class='ocrx_word' id='word_1_31' title='bbox 691 798 722 850; x_wconf 87' lang='lat' dir='ltr'>ad</span> <span class='ocrx_word' id='word_1_32' title='bbox 738 818 804 850; x_wconf 85' lang='lat' dir='ltr'>arma</span> <span class='ocrx_word' id='word_1_33' title='bbox 819 801 889 850; x_wconf 71' lang='lat' dir='ltr'>tubi.</span> 
     </span>
     <span class='ocr_line' id='line_1_7' title="bbox 307 874 913 946; baseline 0.003 -23"><span class='ocrx_word' id='word_1_34' title='bbox 307 874 404 924; x_wconf 68' lang='lat' dir='ltr'>Pediora</span> <span class='ocrx_word' id='word_1_35' title='bbox 415 879 462 946; x_wconf 67' lang='lat' dir='ltr'>sint</span> <span class='ocrx_word' id='word_1_36' title='bbox 473 878 542 925; x_wconf 85' lang='lat' dir='ltr'>nobis</span> <span class='ocrx_word' id='word_1_37' title='bbox 552 879 648 926; x_wconf 89' lang='lat' dir='ltr'>nivibus</span> <span class='ocrx_word' id='word_1_38' title='bbox 657 878 797 944; x_wconf 80' lang='lat' dir='ltr'>glacieque,</span> <span class='ocrx_word' id='word_1_39' title='bbox 810 878 913 937; x_wconf 85' lang='lat' dir='ltr'>licebit,</span> 
     </span>
    </p>

    <p class='ocr_par' dir='ltr' id='par_1_4' title="bbox 159 953 1068 1333">
     <span class='ocr_line' id='line_1_8' title="bbox 339 953 1068 1021; baseline 0 -19"><span class='ocrx_word' id='word_1_40' title='bbox 339 954 418 1021; x_wconf 73' lang='lat' dir='ltr'>Atque</span> <span class='ocrx_word' id='word_1_41' title='bbox 431 956 478 1003; x_wconf 94' lang='lat' dir='ltr'>hoc</span> <span class='ocrx_word' id='word_1_42' title='bbox 492 970 563 1020; x_wconf 89' lang='lat' dir='ltr'>quem</span> <span class='ocrx_word' id='word_1_43' title='bbox 580 959 679 1020; x_wconf 88' lang='lat' dir='ltr'>patior,</span> <span class='ocrx_word' id='word_1_44' title='bbox 699 955 825 1020; x_wconf 79' lang='lat' dir='ltr'>frigidiora</span> <span class='ocrx_word' id='word_1_45' title='bbox 839 953 918 1005; x_wconf 78' lang='lat' dir='ltr'>locos</span> <span class='ocrx_word' id='word_1_46' title='bbox 1067 967 1068 1002; x_wconf 73' lang='grc'><strong>1</strong></span> 
     </span>
     <span class='ocr_line' id='line_1_9' title="bbox 159 1027 866 1093; baseline 0.001 -12"><span class='ocrx_word' id='word_1_47' title='bbox 159 1027 165 1034; x_wconf 76' lang='grc'><em>“</em></span> <span class='ocrx_word' id='word_1_48' title='bbox 216 1073 219 1081; x_wconf 81' lang='grc'><strong><em>,</em></strong></span> <span class='ocrx_word' id='word_1_49' title='bbox 260 1037 285 1089; x_wconf 71' lang='grc'>11</span> <span class='ocrx_word' id='word_1_50' title='bbox 306 1030 648 1091; x_wconf 79' lang='lat' dir='ltr'>HlaDucisfacies,incurru</span> <span class='ocrx_word' id='word_1_51' title='bbox 663 1034 743 1083; x_wconf 83' lang='lat' dir='ltr'>stantis</span> <span class='ocrx_word' id='word_1_52' title='bbox 758 1037 866 1093; x_wconf 88' lang='lat' dir='ltr'>eburno,</span> 
     </span>
     <span class='ocr_line' id='line_1_10' title="bbox 336 1110 839 1178; baseline 0.004 -21"><span class='ocrx_word' id='word_1_53' title='bbox 336 1110 462 1160; x_wconf 84' lang='lat' dir='ltr'>Excuteret</span> <span class='ocrx_word' id='word_1_54' title='bbox 479 1110 553 1178; x_wconf 80' lang='lat' dir='ltr'>frigus</span> <span class='ocrx_word' id='word_1_55' title='bbox 570 1112 675 1160; x_wconf 85' lang='lat' dir='ltr'>sensibus</span> <span class='ocrx_word' id='word_1_56' title='bbox 685 1127 758 1161; x_wconf 87' lang='lat' dir='ltr'>omne</span> <span class='ocrx_word' id='word_1_57' title='bbox 771 1114 839 1160; x_wconf 92' lang='lat' dir='ltr'>meis.</span> 
     </span>
     <span class='ocr_line' id='line_1_11' title="bbox 304 1186 948 1256; baseline 0.005 -20"><span class='ocrx_word' id='word_1_58' title='bbox 304 1187 347 1236; x_wconf 86' lang='lat' dir='ltr'>His</span> <span class='ocrx_word' id='word_1_59' title='bbox 367 1204 411 1253; x_wconf 83' lang='lat' dir='ltr'>ego</span> <span class='ocrx_word' id='word_1_60' title='bbox 430 1186 550 1250; x_wconf 64' lang='lat' dir='ltr'>defessus,</span> <span class='ocrx_word' id='word_1_61' title='bbox 565 1187 691 1256; x_wconf 81' lang='lat' dir='ltr'>dubiisque</span> <span class='ocrx_word' id='word_1_62' title='bbox 712 1189 845 1238; x_wconf 73' lang='lat' dir='ltr'>austoribus</span> <span class='ocrx_word' id='word_1_63' title='bbox 862 1191 948 1252; x_wconf 87' lang='lat' dir='ltr'>usus,</span> 
     </span>
     <span class='ocr_line' id='line_1_12' title="bbox 334 1263 817 1333; baseline 0 -18"><span class='ocrx_word' id='word_1_64' title='bbox 334 1263 372 1315; x_wconf 78' lang='lat' dir='ltr'>Ad</span> <span class='ocrx_word' id='word_1_65' title='bbox 385 1266 455 1315; x_wconf 88' lang='lat' dir='ltr'>vestri</span> <span class='ocrx_word' id='word_1_66' title='bbox 466 1270 538 1316; x_wconf 89' lang='lat' dir='ltr'>venio</span> <span class='ocrx_word' id='word_1_67' title='bbox 556 1270 608 1333; x_wconf 78' lang='lat' dir='ltr'>jure</span> <span class='ocrx_word' id='word_1_68' title='bbox 628 1267 717 1318; x_wconf 75' lang='lat' dir='ltr'>favoris</span> <span class='ocrx_word' id='word_1_69' title='bbox 734 1283 817 1331; x_wconf 89' lang='lat' dir='ltr'>opem.</span> 
     </span>
    </p>
   </div>
   <div class='ocr_carea' id='block_1_3' title="bbox 253 1340 1068 1570">
    <p class='ocr_par' dir='ltr' id='par_1_5' title="bbox 253 1340 1068 1570">
     <span class='ocr_line' id='line_1_13' title="bbox 263 1340 1025 1405; baseline 0.009 -13"><span class='ocrx_word' id='word_1_70' title='bbox 263 1353 265 1358; x_wconf 82' lang='grc'>’</span> <span class='ocrx_word' id='word_1_71' title='bbox 302 1340 353 1393; x_wconf 91' lang='lat' dir='ltr'>Nec</span> <span class='ocrx_word' id='word_1_72' title='bbox 370 1346 430 1393; x_wconf 89' lang='lat' dir='ltr'>mihi</span> <span class='ocrx_word' id='word_1_73' title='bbox 447 1360 506 1395; x_wconf 84' lang='lat' dir='ltr'>nora</span> <span class='ocrx_word' id='word_1_74' title='bbox 523 1343 631 1405; x_wconf 87' lang='lat' dir='ltr'>ducum,</span> <span class='ocrx_word' id='word_1_75' title='bbox 649 1360 693 1394; x_wconf 89' lang='lat' dir='ltr'>nec</span> <span class='ocrx_word' id='word_1_76' title='bbox 704 1347 758 1395; x_wconf 87' lang='lat' dir='ltr'>sunt</span> <span class='ocrx_word' id='word_1_77' title='bbox 769 1347 828 1394; x_wconf 88' lang='lat' dir='ltr'>rnihi</span> <span class='ocrx_word' id='word_1_78' title='bbox 838 1359 898 1393; x_wconf 89' lang='lat' dir='ltr'>nota</span> <span class='ocrx_word' id='word_1_79' title='bbox 909 1343 1025 1398; x_wconf 72' lang='lat' dir='ltr'>locorum</span> 
     </span>
     <span class='ocr_line' id='line_1_14' title="bbox 253 1421 905 1473; baseline -0.002 -2"><span class='ocrx_word' id='word_1_80' title='bbox 253 1431 284 1471; x_wconf 80' lang='lat'>40</span> <span class='ocrx_word' id='word_1_81' title='bbox 335 1421 442 1471; x_wconf 85' lang='lat' dir='ltr'>Nomina</span> <span class='ocrx_word' id='word_1_82' title='bbox 462 1442 469 1471; x_wconf 83' lang='lat' dir='ltr'>r</span> <span class='ocrx_word' id='word_1_83' title='bbox 492 1426 618 1472; x_wconf 80' lang='lat' dir='ltr'>materiam</span> <span class='ocrx_word' id='word_1_84' title='bbox 633 1426 674 1473; x_wconf 81' lang='lat' dir='ltr'>vix</span> <span class='ocrx_word' id='word_1_85' title='bbox 689 1424 793 1473; x_wconf 80' lang='lat' dir='ltr'>habuere</span> <span class='ocrx_word' id='word_1_86' title='bbox 809 1438 905 1471; x_wconf 87' lang='lat' dir='ltr'>manus.</span> 
     </span>
     <span class='ocr_line' id='line_1_15' title="bbox 301 1498 1068 1570; baseline 0.008 -22"><span class='ocrx_word' id='word_1_87' title='bbox 301 1500 356 1550; x_wconf 83' lang='lat' dir='ltr'>Pars</span> <span class='ocrx_word' id='word_1_88' title='bbox 368 1514 442 1565; x_wconf 91' lang='lat' dir='ltr'>quota</span> <span class='ocrx_word' id='word_1_89' title='bbox 454 1498 484 1549; x_wconf 91' lang='lat' dir='ltr'>de</span> <span class='ocrx_word' id='word_1_90' title='bbox 500 1504 571 1550; x_wconf 88' lang='lat' dir='ltr'>rantis</span> <span class='ocrx_word' id='word_1_91' title='bbox 589 1502 679 1561; x_wconf 81' lang='lat' dir='ltr'>rebus,</span> <span class='ocrx_word' id='word_1_92' title='bbox 701 1517 774 1567; x_wconf 86' lang='lat' dir='ltr'>quam</span> <span class='ocrx_word' id='word_1_93' title='bbox 790 1502 863 1551; x_wconf 82' lang='lat' dir='ltr'>Fama</span> <span class='ocrx_word' id='word_1_94' title='bbox 880 1502 996 1566; x_wconf 82' lang='lat' dir='ltr'>referre,</span> <span class='ocrx_word' id='word_1_95' title='bbox 1067 1547 1068 1570; x_wconf 29' lang='lat' dir='ltr'>p</span> 
     </span>
    </p>
   </div>
   <div class='ocr_carea' id='block_1_4' title="bbox 238 1575 1068 3124">
    <p class='ocr_par' dir='ltr' id='par_1_6' title="bbox 238 1575 1068 3124">
     <span class='ocr_line' id='line_1_16' title="bbox 331 1575 880 1643; baseline 0.004 -18"><span class='ocrx_word' id='word_1_96' title='bbox 331 1575 380 1625; x_wconf 76' lang='lat' dir='ltr'>Aut</span> <span class='ocrx_word' id='word_1_97' title='bbox 396 1576 481 1643; x_wconf 81' lang='lat' dir='ltr'>aliquis</span> <span class='ocrx_word' id='word_1_98' title='bbox 498 1580 568 1627; x_wconf 88' lang='lat' dir='ltr'>nobis</span> <span class='ocrx_word' id='word_1_99' title='bbox 584 1579 684 1627; x_wconf 83' lang='lat' dir='ltr'>scribere</span> <span class='ocrx_word' id='word_1_100' title='bbox 701 1576 795 1643; x_wconf 74' lang='lat' dir='ltr'>ponet,</span> <span class='ocrx_word' id='word_1_101' title='bbox 811 1584 880 1629; x_wconf 75' lang='lat' dir='ltr'>erat?</span> 
     </span>
     <span class='ocr_line' id='line_1_17' title="bbox 299 1654 991 1725; baseline 0.008 -22"><span class='ocrx_word' id='word_1_102' title='bbox 299 1654 354 1715; x_wconf 91' lang='lat' dir='ltr'>Quo</span> <span class='ocrx_word' id='word_1_103' title='bbox 376 1659 470 1719; x_wconf 77' lang='lat' dir='ltr'>magia,</span> <span class='ocrx_word' id='word_1_104' title='bbox 486 1656 520 1705; x_wconf 84' lang='lat' dir='ltr'>o!</span> <span class='ocrx_word' id='word_1_105' title='bbox 540 1655 629 1717; x_wconf 70' lang='lat' dir='ltr'>lestor,</span> <span class='ocrx_word' id='word_1_106' title='bbox 650 1654 722 1705; x_wconf 84' lang='lat' dir='ltr'>debes</span> <span class='ocrx_word' id='word_1_107' title='bbox 739 1657 879 1721; x_wconf 76' lang='lat' dir='ltr'>ignoscere,</span> <span class='ocrx_word' id='word_1_108' title='bbox 890 1660 911 1705; x_wconf 87' lang='lat' dir='ltr'>si</span> <span class='ocrx_word' id='word_1_109' title='bbox 924 1659 991 1725; x_wconf 91' lang='lat' dir='ltr'>quid</span> 
     </span>
     <span class='ocr_line' id='line_1_18' title="bbox 249 1732 1068 1799; baseline -0.004 -18"><span class='ocrx_word' id='word_1_110' title='bbox 249 1749 251 1755; x_wconf 69' lang='grc'>’</span> <span class='ocrx_word' id='word_1_111' title='bbox 329 1732 440 1783; x_wconf 86' lang='lat' dir='ltr'>Erratum</span> <span class='ocrx_word' id='word_1_112' title='bbox 461 1732 493 1782; x_wconf 91' lang='lat' dir='ltr'>est</span> <span class='ocrx_word' id='word_1_113' title='bbox 512 1734 586 1794; x_wconf 86' lang='lat' dir='ltr'>iilic,</span> <span class='ocrx_word' id='word_1_114' title='bbox 609 1736 786 1799; x_wconf 80' lang='lat' dir='ltr'>praeteritumre</span> <span class='ocrx_word' id='word_1_115' title='bbox 804 1735 875 1782; x_wconf 87' lang='lat' dir='ltr'>mihi.</span> <span class='ocrx_word' id='word_1_116' title='bbox 1067 1743 1068 1778; x_wconf 71' lang='lat' dir='ltr'>r</span> 
     </span>
     <span class='ocr_line' id='line_1_19' title="bbox 247 1808 1004 1877; baseline 0.005 -18"><span class='ocrx_word' id='word_1_117' title='bbox 247 1829 276 1874; x_wconf 82' lang='lat'>45</span> <span class='ocrx_word' id='word_1_118' title='bbox 296 1808 382 1870; x_wconf 80' lang='lat' dir='ltr'>Adde,</span> <span class='ocrx_word' id='word_1_119' title='bbox 394 1808 460 1877; x_wconf 84' lang='lat' dir='ltr'>quod</span> <span class='ocrx_word' id='word_1_120' title='bbox 477 1810 595 1861; x_wconf 86' lang='lat' dir='ltr'>assiduam</span> <span class='ocrx_word' id='word_1_121' title='bbox 612 1811 707 1862; x_wconf 89' lang='lat' dir='ltr'>domini</span> <span class='ocrx_word' id='word_1_122' title='bbox 722 1810 838 1861; x_wconf 83' lang='lat' dir='ltr'>meditata</span> <span class='ocrx_word' id='word_1_123' title='bbox 850 1814 1004 1877; x_wconf 83' lang='lat' dir='ltr'>quereiam,</span> 
     </span>
     <span class='ocr_line' id='line_1_20' title="bbox 329 1887 911 1953; baseline -0.007 -11"><span class='ocrx_word' id='word_1_124' title='bbox 329 1887 368 1942; x_wconf 77' lang='lat' dir='ltr'>Ad</span> <span class='ocrx_word' id='word_1_125' title='bbox 384 1889 466 1939; x_wconf 72' lang='lat' dir='ltr'>letum</span> <span class='ocrx_word' id='word_1_126' title='bbox 483 1906 579 1939; x_wconf 90' lang='lat' dir='ltr'>carmen</span> <span class='ocrx_word' id='word_1_127' title='bbox 596 1893 638 1940; x_wconf 80' lang='lat' dir='ltr'>vix</span> <span class='ocrx_word' id='word_1_128' title='bbox 652 1906 705 1939; x_wconf 88' lang='lat' dir='ltr'>mea</span> <span class='ocrx_word' id='word_1_129' title='bbox 719 1892 786 1940; x_wconf 84' lang='lat' dir='ltr'>versa</span> <span class='ocrx_word' id='word_1_130' title='bbox 798 1890 849 1953; x_wconf 86' lang='lat' dir='ltr'>lyra</span> <span class='ocrx_word' id='word_1_131' title='bbox 867 1890 911 1938; x_wconf 80' lang='lat' dir='ltr'>eii.</span> 
     </span>
     <span class='ocr_line' id='line_1_21' title="bbox 296 1957 960 2033; baseline 0.002 -14"><span class='ocrx_word' id='word_1_132' title='bbox 296 1968 343 2019; x_wconf 86' lang='lat' dir='ltr'>Vix</span> <span class='ocrx_word' id='word_1_133' title='bbox 360 1968 423 2019; x_wconf 91' lang='lat' dir='ltr'>bona</span> <span class='ocrx_word' id='word_1_134' title='bbox 439 1967 491 2033; x_wconf 88' lang='lat' dir='ltr'>post</span> <span class='ocrx_word' id='word_1_135' title='bbox 508 1982 576 2017; x_wconf 88' lang='lat' dir='ltr'>tanto</span> <span class='ocrx_word' id='word_1_136' title='bbox 592 1970 708 2033; x_wconf 72' lang='lat' dir='ltr'>querenti</span> <span class='ocrx_word' id='word_1_137' title='bbox 723 1968 795 2019; x_wconf 86' lang='lat' dir='ltr'>verba</span> <span class='ocrx_word' id='word_1_138' title='bbox 811 1957 931 2017; x_wconf 84' lang='lat' dir='ltr'>subibant</span> <span class='ocrx_word' id='word_1_139' title='bbox 951 1988 960 2020; x_wconf 83' lang='lat' dir='ltr'>s</span> 
     </span>
     <span class='ocr_line' id='line_1_22' title="bbox 327 2042 938 2111; baseline 0.002 -17"><span class='ocrx_word' id='word_1_140' title='bbox 327 2046 359 2094; x_wconf 85' lang='lat' dir='ltr'>Et</span> <span class='ocrx_word' id='word_1_141' title='bbox 373 2042 474 2111; x_wconf 83' lang='lat' dir='ltr'>gaudere</span> <span class='ocrx_word' id='word_1_142' title='bbox 494 2042 605 2111; x_wconf 87' lang='lat' dir='ltr'>aliquid,</span> <span class='ocrx_word' id='word_1_143' title='bbox 621 2062 659 2094; x_wconf 90' lang='lat' dir='ltr'>res</span> <span class='ocrx_word' id='word_1_144' title='bbox 672 2048 733 2095; x_wconf 87' lang='lat' dir='ltr'>mihi</span> <span class='ocrx_word' id='word_1_145' title='bbox 744 2046 795 2095; x_wconf 78' lang='lat' dir='ltr'>visa</span> <span class='ocrx_word' id='word_1_146' title='bbox 807 2060 872 2093; x_wconf 86' lang='lat' dir='ltr'>nova</span> <span class='ocrx_word' id='word_1_147' title='bbox 888 2045 938 2095; x_wconf 85' lang='lat' dir='ltr'>est.</span> 
     </span>
     <span class='ocr_line' id='line_1_23' title="bbox 294 2111 919 2189; baseline -0.003 -18"><span class='ocrx_word' id='word_1_148' title='bbox 294 2122 376 2189; x_wconf 91' lang='lat' dir='ltr'>thue</span> <span class='ocrx_word' id='word_1_149' title='bbox 392 2120 552 2172; x_wconf 87' lang='lat' dir='ltr'>reformidant</span> <span class='ocrx_word' id='word_1_150' title='bbox 567 2111 686 2172; x_wconf 84' lang='lat' dir='ltr'>insuetum</span> <span class='ocrx_word' id='word_1_151' title='bbox 704 2124 795 2171; x_wconf 86' lang='lat' dir='ltr'>lumina</span> <span class='ocrx_word' id='word_1_152' title='bbox 812 2120 895 2171; x_wconf 84' lang='lat' dir='ltr'>Solem</span> <span class='ocrx_word' id='word_1_153' title='bbox 906 2156 919 2182; x_wconf 89' lang='lat'><strong>,</strong></span> 
     </span>
     <span class='ocr_line' id='line_1_24' title="bbox 248 2200 870 2266; baseline -0.006 -15"><span class='ocrx_word' id='word_1_154' title='bbox 248 2212 278 2259; x_wconf 85' lang='lat'>50</span> <span class='ocrx_word' id='word_1_155' title='bbox 326 2204 364 2251; x_wconf 83' lang='lat' dir='ltr'>Sic</span> <span class='ocrx_word' id='word_1_156' title='bbox 384 2200 415 2251; x_wconf 89' lang='lat' dir='ltr'>ad</span> <span class='ocrx_word' id='word_1_157' title='bbox 436 2200 543 2250; x_wconf 82' lang='lat' dir='ltr'>laetitiam</span> <span class='ocrx_word' id='word_1_158' title='bbox 560 2218 627 2250; x_wconf 87' lang='lat' dir='ltr'>mens</span> <span class='ocrx_word' id='word_1_159' title='bbox 644 2218 698 2249; x_wconf 88' lang='lat' dir='ltr'>mea</span> <span class='ocrx_word' id='word_1_160' title='bbox 716 2203 791 2266; x_wconf 75' lang='lat' dir='ltr'>segnis</span> <span class='ocrx_word' id='word_1_161' title='bbox 810 2213 870 2248; x_wconf 85' lang='lat' dir='ltr'>erat.</span> 
     </span>
     <span class='ocr_line' id='line_1_25' title="bbox 292 2272 980 2347; baseline 0 -18"><span class='ocrx_word' id='word_1_162' title='bbox 292 2280 332 2329; x_wconf 86' lang='lat' dir='ltr'>Est</span> <span class='ocrx_word' id='word_1_163' title='bbox 348 2296 445 2347; x_wconf 90' lang='lat' dir='ltr'>quoque</span> <span class='ocrx_word' id='word_1_164' title='bbox 459 2280 597 2327; x_wconf 65' lang='lat' dir='ltr'>cumbarum</span> <span class='ocrx_word' id='word_1_165' title='bbox 611 2282 705 2327; x_wconf 86' lang='lat' dir='ltr'>novitas</span> <span class='ocrx_word' id='word_1_166' title='bbox 721 2272 843 2327; x_wconf 81' lang='lat' dir='ltr'>earissirna</span> <span class='ocrx_word' id='word_1_167' title='bbox 862 2293 951 2328; x_wconf 75' lang='lat' dir='ltr'>rerum</span> <span class='ocrx_word' id='word_1_168' title='bbox 971 2298 980 2328; x_wconf 83' lang='lat' dir='ltr'>s</span> 
     </span>
     <span class='ocr_line' id='line_1_26' title="bbox 326 2354 911 2423; baseline -0.002 -18"><span class='ocrx_word' id='word_1_169' title='bbox 326 2358 454 2422; x_wconf 87' lang='lat' dir='ltr'>Gratiaque</span> <span class='ocrx_word' id='word_1_170' title='bbox 465 2354 563 2411; x_wconf 85' lang='lat' dir='ltr'>officio,</span> <span class='ocrx_word' id='word_1_171' title='bbox 572 2355 639 2423; x_wconf 87' lang='lat' dir='ltr'>quod</span> <span class='ocrx_word' id='word_1_172' title='bbox 650 2372 718 2405; x_wconf 89' lang='lat' dir='ltr'>rnora</span> <span class='ocrx_word' id='word_1_173' title='bbox 730 2354 821 2413; x_wconf 87' lang='lat' dir='ltr'>tardat,</span> <span class='ocrx_word' id='word_1_174' title='bbox 834 2355 911 2404; x_wconf 85' lang='lat' dir='ltr'>abest.</span> 
     </span>
     <span class='ocr_line' id='line_1_27' title="bbox 292 2431 960 2499; baseline 0 -15"><span class='ocrx_word' id='word_1_175' title='bbox 292 2434 394 2494; x_wconf 86' lang='lat' dir='ltr'>Cetera,</span> <span class='ocrx_word' id='word_1_176' title='bbox 416 2436 526 2481; x_wconf 85' lang='lat' dir='ltr'>certatim</span> <span class='ocrx_word' id='word_1_177' title='bbox 544 2431 574 2481; x_wconf 88' lang='lat' dir='ltr'>de</span> <span class='ocrx_word' id='word_1_178' title='bbox 595 2450 683 2497; x_wconf 81' lang='lat' dir='ltr'>magno</span> <span class='ocrx_word' id='word_1_179' title='bbox 704 2435 790 2498; x_wconf 81' lang='lat' dir='ltr'>scripta</span> <span class='ocrx_word' id='word_1_180' title='bbox 807 2436 960 2499; x_wconf 87' lang='lat' dir='ltr'>triumpho,</span> 
     </span>
     <span class='ocr_line' id='line_1_28' title="bbox 244 2508 834 2578; baseline -0.002 -19"><span class='ocrx_word' id='word_1_181' title='bbox 244 2526 249 2531; x_wconf 88' lang='lat'><em>·</em></span> <span class='ocrx_word' id='word_1_182' title='bbox 322 2512 377 2561; x_wconf 86' lang='lat' dir='ltr'>Jam</span> <span class='ocrx_word' id='word_1_183' title='bbox 389 2508 481 2576; x_wconf 86' lang='lat' dir='ltr'>pridem</span> <span class='ocrx_word' id='word_1_184' title='bbox 500 2512 583 2575; x_wconf 86' lang='lat' dir='ltr'>populi</span> <span class='ocrx_word' id='word_1_185' title='bbox 598 2514 703 2578; x_wconf 88' lang='lat' dir='ltr'>suspicor</span> <span class='ocrx_word' id='word_1_186' title='bbox 720 2528 762 2561; x_wconf 91' lang='lat' dir='ltr'>ore</span> <span class='ocrx_word' id='word_1_187' title='bbox 777 2513 834 2576; x_wconf 85' lang='lat' dir='ltr'>legi.</span> 
     </span>
     <span class='ocr_line' id='line_1_29' title="bbox 241 2582 899 2656; baseline 0.002 -18"><span class='ocrx_word' id='word_1_188' title='bbox 241 2607 269 2655; x_wconf 83' lang='lat'>55</span> <span class='ocrx_word' id='word_1_189' title='bbox 290 2589 334 2638; x_wconf 82' lang='lat' dir='ltr'>illa</span> <span class='ocrx_word' id='word_1_190' title='bbox 351 2582 413 2638; x_wconf 92' lang='lat' dir='ltr'>bibit</span> <span class='ocrx_word' id='word_1_191' title='bbox 430 2592 526 2650; x_wconf 80' lang='lat' dir='ltr'>sitiens,</span> <span class='ocrx_word' id='word_1_192' title='bbox 545 2590 619 2650; x_wconf 67' lang='lat' dir='ltr'>ledor</span> <span class='ocrx_word' id='word_1_193' title='bbox 632 2608 686 2641; x_wconf 81' lang='lat' dir='ltr'>mea</span> <span class='ocrx_word' id='word_1_194' title='bbox 699 2590 785 2656; x_wconf 86' lang='lat' dir='ltr'>pocula</span> <span class='ocrx_word' id='word_1_195' title='bbox 795 2590 899 2654; x_wconf 83' lang='lat' dir='ltr'>plenus:</span> 
     </span>
     <span class='ocr_line' id='line_1_30' title="bbox 321 2668 902 2732; baseline -0.002 -16"><span class='ocrx_word' id='word_1_196' title='bbox 321 2668 365 2716; x_wconf 85' lang='lat' dir='ltr'>illa</span> <span class='ocrx_word' id='word_1_197' title='bbox 383 2682 462 2716; x_wconf 87' lang='lat' dir='ltr'>recens</span> <span class='ocrx_word' id='word_1_198' title='bbox 479 2683 536 2731; x_wconf 87' lang='lat' dir='ltr'>pora</span> <span class='ocrx_word' id='word_1_199' title='bbox 552 2668 601 2727; x_wconf 86' lang='lat' dir='ltr'>est,</span> <span class='ocrx_word' id='word_1_200' title='bbox 619 2668 698 2717; x_wconf 85' lang='lat' dir='ltr'>nostra</span> <span class='ocrx_word' id='word_1_201' title='bbox 714 2669 812 2732; x_wconf 86' lang='lat' dir='ltr'>tepescit</span> <span class='ocrx_word' id='word_1_202' title='bbox 827 2684 902 2732; x_wconf 84' lang='lat' dir='ltr'>aqua.</span> 
     </span>
     <span class='ocr_line' id='line_1_31' title="bbox 288 2742 888 2811; baseline -0.005 -14"><span class='ocrx_word' id='word_1_203' title='bbox 288 2746 346 2797; x_wconf 86' lang='lat' dir='ltr'>Non</span> <span class='ocrx_word' id='word_1_204' title='bbox 368 2762 412 2811; x_wconf 81' lang='lat' dir='ltr'>ego</span> <span class='ocrx_word' id='word_1_205' title='bbox 431 2742 534 2805; x_wconf 72' lang='lat' dir='ltr'>cessari,</span> <span class='ocrx_word' id='word_1_206' title='bbox 549 2760 593 2793; x_wconf 89' lang='lat' dir='ltr'>nec</span> <span class='ocrx_word' id='word_1_207' title='bbox 609 2744 667 2794; x_wconf 88' lang='lat' dir='ltr'>fecit</span> <span class='ocrx_word' id='word_1_208' title='bbox 682 2747 768 2795; x_wconf 86' lang='lat' dir='ltr'>inertia</span> <span class='ocrx_word' id='word_1_209' title='bbox 785 2746 863 2794; x_wconf 88' lang='lat' dir='ltr'>serum</span> <span class='ocrx_word' id='word_1_210' title='bbox 881 2763 888 2794; x_wconf 81' lang='lat' dir='ltr'>a</span> 
     </span>
     <span class='ocr_line' id='line_1_32' title="bbox 319 2822 801 2874; baseline -0.004 0"><span class='ocrx_word' id='word_1_211' title='bbox 319 2824 413 2874; x_wconf 82' lang='lat' dir='ltr'>Ultima</span> <span class='ocrx_word' id='word_1_212' title='bbox 433 2840 472 2871; x_wconf 89' lang='lat' dir='ltr'>me</span> <span class='ocrx_word' id='word_1_213' title='bbox 487 2822 546 2872; x_wconf 84' lang='lat' dir='ltr'>vasti</span> <span class='ocrx_word' id='word_1_214' title='bbox 563 2822 660 2871; x_wconf 82' lang='lat' dir='ltr'>sustinet</span> <span class='ocrx_word' id='word_1_215' title='bbox 676 2840 719 2872; x_wconf 84' lang='lat' dir='ltr'>ora</span> <span class='ocrx_word' id='word_1_216' title='bbox 736 2823 801 2872; x_wconf 85' lang='lat' dir='ltr'>freti.</span> 
     </span>
     <span class='ocr_line' id='line_1_33' title="bbox 244 2890 1002 2971; baseline 0.007 -18"><span class='ocrx_word' id='word_1_217' title='bbox 244 2925 246 2930; x_wconf 95' lang='lat'><em>·</em></span> <span class='ocrx_word' id='word_1_218' title='bbox 286 2904 352 2953; x_wconf 91' lang='lat' dir='ltr'>Durn</span> <span class='ocrx_word' id='word_1_219' title='bbox 362 2905 428 2950; x_wconf 90' lang='lat' dir='ltr'>venir</span> <span class='ocrx_word' id='word_1_220' title='bbox 439 2890 591 2960; x_wconf 55' lang='lat' dir='ltr'>hudrurnom</span> <span class='ocrx_word' id='word_1_221' title='bbox 604 2916 775 2967; x_wconf 84' lang='lat' dir='ltr'>properataque</span> <span class='ocrx_word' id='word_1_222' title='bbox 785 2902 891 2949; x_wconf 87' lang='lat' dir='ltr'>earmina</span> <span class='ocrx_word' id='word_1_223' title='bbox 909 2902 984 2957; x_wconf 81' lang='lat' dir='ltr'>fiunt</span> <span class='ocrx_word' id='word_1_224' title='bbox 991 2943 1002 2971; x_wconf 90' lang='lat'><em>,</em></span> 
     </span>
     <span class='ocr_line' id='line_1_34' title="bbox 238 2975 934 3045; baseline -0.003 -14"><span class='ocrx_word' id='word_1_225' title='bbox 238 3006 268 3043; x_wconf 81' lang='lat'>60</span> <span class='ocrx_word' id='word_1_226' title='bbox 318 2983 433 3045; x_wconf 58' lang='lat' dir='ltr'>Fassaque</span> <span class='ocrx_word' id='word_1_227' title='bbox 450 2993 507 3027; x_wconf 85' lang='lat' dir='ltr'>eunt</span> <span class='ocrx_word' id='word_1_228' title='bbox 521 2976 551 3027; x_wconf 87' lang='lat' dir='ltr'>ad</span> <span class='ocrx_word' id='word_1_229' title='bbox 567 2994 629 3039; x_wconf 86' lang='lat' dir='ltr'>vos,</span> <span class='ocrx_word' id='word_1_230' title='bbox 649 2994 724 3026; x_wconf 89' lang='lat' dir='ltr'>annus</span> <span class='ocrx_word' id='word_1_231' title='bbox 744 2975 817 3028; x_wconf 80' lang='lat' dir='ltr'>abiise</span> <span class='ocrx_word' id='word_1_232' title='bbox 838 2980 934 3042; x_wconf 82' lang='lat' dir='ltr'>potest.</span> 
     </span>
     <span class='ocr_line' id='line_1_35' title="bbox 268 3056 937 3124; baseline -0.003 -14"><span class='ocrx_word' id='word_1_233' title='bbox 268 3060 335 3117; x_wconf 83' lang='lat' dir='ltr'>&#39;Nec</span> <span class='ocrx_word' id='word_1_234' title='bbox 355 3060 484 3109; x_wconf 84' lang='lat' dir='ltr'>minimum</span> <span class='ocrx_word' id='word_1_235' title='bbox 503 3056 596 3118; x_wconf 81' lang='lat' dir='ltr'>refert,</span> <span class='ocrx_word' id='word_1_236' title='bbox 613 3058 701 3106; x_wconf 61' lang='lat' dir='ltr'>inradia</span> <span class='ocrx_word' id='word_1_237' title='bbox 716 3059 804 3107; x_wconf 86' lang='lat' dir='ltr'>rosaria</span> <span class='ocrx_word' id='word_1_238' title='bbox 815 3060 937 3124; x_wconf 81' lang='lat' dir='ltr'>primus,</span> 
     </span>
    </p>
   </div>
   <div class='ocr_carea' id='block_1_5' title="bbox 0 0 1168 3959">
    <p class='ocr_par' dir='ltr' id='par_1_7' title="bbox 0 0 1168 3959">
     <span class='ocr_line' id='line_1_36' title="bbox 0 0 1168 3959; baseline 0 0"><span class='ocrx_word' id='word_1_239' title='bbox 0 0 1168 3959; x_wconf 95' lang='lat' dir='ltr'> </span> 
     </span>
    </p>
   </div>
  </div>
 </body>
</html>
