2325 3959
303 413 577 479 Tursrrurr
600 396 792 497 Lran.
836 345 908 481 '243

232 530 286 592 Qua
297 534 368 580 maris
376 530 462 579 Euxini
473 542 535 576 tetra
545 522 637 574 sinistra
644 527 714 587 jacet.

197 608 252 658 Hoc
261 612 321 658 mihi
333 612 351 657 si
359 608 449 672 Delphi
459 640 467 664 ,
478 602 631 667 Dodonaque
642 598 730 649 diceret
738 598 801 662 ipsa,

231 684 285 735 Effe
293 683 413 735 videretur
423 698 498 733 vanus
508 695 607 746 uterque
617 679 692 727 locus.

198 764 242 813 Nil
250 762 311 813 adeo
320 761 428 813 validum
438 762 486 819 est,
498 758 594 808 adamas
605 758 661 805 licet
669 755 750 819 alliget
761 751 838 808 illud,
930 768 960 815 45

231 840 266 889 Ut
273 855 368 889 maneat
380 837 463 905 rapido
476 836 567 886 firmius
577 838 632 900 igne
643 835 717 883 lovis.

197 917 241 967 Nil
252 922 285 967 ita
297 919 398 967 sublime
409 918 456 976 est,
468 916 583 981 supraque
594 910 698 978 pericula
710 906 804 968 tendit,

230 992 288 1043 Non
299 995 330 1041 sit
340 1008 366 1043 ut
376 990 475 1040 inferius
483 992 681 1055 suppositumque
692 984 755 1033 Deo.

195 1068 261 1119 Nam
270 1084 416 1135 quamquam
426 1069 488 1116 vitio
503 1082 555 1131 pars
566 1063 599 1112 est
610 1062 730 1111 contraiis
740 1056 859 1107 malorum
870 1091 877 1117 ‚

227 1140 284 1195 Plus
295 1162 375 1196 tamen
385 1148 450 1193 exitii
462 1145 567 1192 numinis
578 1144 613 1190 ira
624 1137 702 1199 dedit,

195 1223 228 1274 At
239 1240 280 1271 vos
292 1221 411 1272 admoniti
423 1222 507 1271 nostris
522 1236 619 1286 quoque
631 1218 722 1266 casibus
732 1214 795 1276 elle,

228 1298 374 1365 AEquantenr
385 1302 486 1364 Superos
498 1293 621 1347 emeruille
631 1298 720 1345 virum.
869 1285 871 1289 ’

932 1132 961 1177 50

200 1684 255 1804 Sx
272 1752 344 1812 licet,
359 1754 496 1819 separeris,
512 1766 601 1802 nomen
613 1748 751 1812 facinusque
762 1743 863 1802 tacebo,

226 1830 258 1881 Et
272 1847 312 1882 tua
322 1832 424 1881 Leth‘aeis
434 1834 484 1880 asta
494 1827 614 1878 dabuntur
623 1829 704 1893 aquis,

193 1909 327 1975 Nostraque
337 1912 445 1957 vincetur
455 1908 568 1969 lacrymis
583 1905 711 1954 clementia
723 1904 786 1951 seris.
862 1916 870 1928 ·

149 2017 153 2024 =
226 1988 273 2037 Fac
285 1984 361 2035 inodo
372 1998 481 2049 repascat
492 1979 628 2048 poenituiffe
640 1982 683 2031 tui.

193 2060 240 2115 Fac
256 2062 333 2113 modo
351 2078 373 2111 te
383 2060 498 2117 damnes,
515 2064 642 2125 cupiasque
653 2056 748 2108 eradere
758 2060 813 2108 vitae
929 2060 939 2104 5

227 2143 366 2207 Tempora,
377 2144 397 2189 si
410 2141 500 2204 possis,
511 2138 664 2201 Tisiphonaea
676 2149 730 2183 tuae.

193 2223 235 2272 Sin
246 2224 343 2279 minus,
354 2223 379 2268 δι
390 2218 491 2283 flagrant
501 2214 560 2265 odio
575 2229 617 2263 tua
626 2214 720 2277 pellora
728 2211 823 2268 nostros

225 2297 312 2349 Induet
321 2296 406 2347 infelix
418 2312 484 2345 arma
494 2294 576 2342 coalia
587 2290 667 2341 dolor.

193 2379 243 2428 Sim
254 2377 311 2426 litet
322 2390 468 2433 extremum,
482 2375 543 2421 sicut
554 2370 606 2419 sum
618 2404 626 2429 ,
642 2365 725 2417 missus
739 2369 765 2417 in
775 2366 873 2428 orbern,

225 2455 311 2506 Nostra
322 2456 372 2503 suas
383 2453 441 2501 istuc
451 2453 557 2516 porriget
567 2452 601 2497 ira
612 2463 705 2496 manus.
929 2458 956 2489 ro

193 2533 298 2591 Omnia,
311 2534 330 2579 si
340 2532 415 2580 nescis
427 2526 524 2588 ,Caesar
535 2527 595 2573 mihi
603 2528 656 2591 jura
665 2524 762 2589 reliquit
768 2541 777 2583 3

227 2610 258 2658 Et
267 2608 318 2657 iola
328 2607 360 2655 est
370 2605 446 2671 patrii
456 2619 528 2668 poena
537 2619 616 2653 carere
627 2602 689 2651 mei.

194 2688 225 2736 Er
233 2689 334 2752 patriam
346 2718 354 2742 ,
366 2682 441 2733 niodo
453 2685 482 2729 sit
490 2683 583 2745 sospes,
596 2682 715 2745 speramus
725 2680 755 2729 ab
766 2678 819 2731 illo.

225 2766 290 2828 Saepe
301 2762 365 2811 lovis
376 2760 425 2809 telo
435 2775 535 2825 quercus
545 2756 627 2808 adusta
639 2760 708 2808 viret.

194 2843 305 2907 Denique
316 2836 425 2890 vindiiiae
436 2839 455 2885 si
466 2839 496 2885 sir
505 2838 564 2885 mihi
574 2836 642 2885 nulla
653 2836 770 2897 facultas,
928 2855 953 2901 ¹5

227 2916 330 2968 Pie'ridcs
340 2919 401 2967 vires
412 2918 436 2965 δι
446 2915 486 2962 sua
497 2914 544 2963 tela
555 2912 657 2965 dabunt.

195 2997 229 3048 Ut
241 2997 356 3058 Scythicis
364 2994 472 3049 habitem,
480 2989 551 3055 longi
562 2992 684 3055 subnpotus
695 2994 720 3041 in
730 2994 778 3041 oris
790 3026 798 3052 ,

225 3077 338 3141 Siccaque
349 3075 396 3123 sint
406 3070 482 3121 oculis
489 3072 599 3136 proxima
609 3074 676 3137 signa
685 3073 744 3121 nreis
755 3088 762 3116 e

731 3148 792 3213 Ltrj
