2325 3959
234 399 237 416 ⁵
318 396 617 469 FAsTontrnt
637 399 722 467 ΜΒ.
751 398 815 469 VI.
870 420 935 485 ¹49

223 543 227 547 >
254 517 317 585 Apta
330 519 667 572 ariniflammiaindicirextn
681 519 773 571 damur.

220 593 302 657 Quem
319 613 346 648 tu
357 631 366 658 ,
383 598 447 649 Diva
457 615 551 649 mernor
562 632 572 660 ,
588 596 618 649 de
635 614 695 664 pane
705 597 835 648 monilibus
845 612 914 646 ornas
925 607 931 643 t

254 672 336 724 Ceffat
343 692 505 741 opurzvacuae
517 679 654 725 conticuere
660 676 741 725 mole.

219 747 344 813 Nomine,
361 751 437 818 quim
452 756 529 817 pretio
543 754 704 812 celebratior,
722 770 774 804 tace
786 754 916 807 Tonantis,

252 826 443 880 DicamPillorit
452 829 578 896 quidvelit
586 846 626 881 ara
635 832 710 882 Iovia.
937 835 982 881 35²

219 902 305 955 cnua
312 909 479 971 premebantur
489 911 594 958 trucibus
605 908 730 975 Capitolia
737 908 814 960 Gallis
826 927 833 959 t

250 982 348 1035 Fecerat
357 984 453 1037 obsidio
463 990 513 1052 jam
526 984 640 1037 diuturna
652 987 751 1037 fantem.

215 1059 324 1126 luppiter
335 1097 345 1123 ,
356 1062 388 1113 ad
396 1064 485 1113 sollum
496 1066 590 1130 Superis
601 1065 679 1129 regale
688 1068 798 1125 voratis,

249 1137 345 1203 Incipe.
355 1142 391 1188 alt
407 1140 492 1191 Marti.
506 1140 619 1191 Protinus
634 1140 676 1189 illc
691 1140 779 1198 refert3

215 1213 432 1281 Scilicetignotum
441 1217 474 1267 est
484 1250 499 1278 ,.
508 1234 561 1283 quae
572 1221 604 1267 ait
616 1218 713 1267 fortuna
723 1222 855 1279 meorum?
932 1221 975 1269 att

246 1292 278 1341 Et
287 1290 359 1342 dolor
368 1296 408 1343 hic
420 1298 495 1343 animi
504 1312 565 1346 voce
576 1299 696 1361 querentis
709 1311 761 1360 eget
770 1298 779 1343 i

214 1370 238 1419 si
251 1384 353 1430 tamen,
371 1386 398 1420 nt
411 1372 514 1421 referam
528 1376 631 1421 breviter
641 1372 705 1421 mala
713 1374 793 1437 Juncia
802 1370 908 1437 pudori.

246 1447 326 1512 Exigis
335 1448 439 1513 :Alpino
448 1450 528 1498 Roma
534 1450 577 1497 sub
583 1449 650 1499 hoste
656 1452 727 1514 jacet.

212 1523 270 1574 llzc
281 1526 315 1575 cst
325 1560 334 1586 ‚
345 1529 385 1575 cui
397 1526 473 1575 fuerat
483 1524 597 1591 promlffa
607 1532 715 1593 porentia
724 1543 803 1577 rerum
814 1530 824 1577 ἒ

244 1604 365 1669 luppiter,
381 1601 441 1654 hanc
454 1609 521 1660 tertis
531 1608 686 1671 impositurus
695 1612 762 1658 eras?
930 1609 975 1659 360
993 1594 997 1602 ’

210 1681 311 1747 Jamque
321 1683 472 1733 Suburbanus
484 1718 493 1743 ‚
504 1683 666 1750 Hetruscaque
676 1681 787 1733 contudit
796 1701 875 1735 armar

242 1760 298 1824 Sper
314 1775 364 1811 erat
373 1763 399 1810 in
410 1764 478 1810 cursu
490 1780 497 1808 ι
507 1777 572 1811 nunc
584 1762 643 1811 Late
650 1763 718 1827 pulsa
728 1764 772 1813 suo
782 1763 824 1813 est.

207 1835 321 1887 Vidimus
335 1854 449 1898 ornatos,
460 1855 532 1890 aerata
540 1857 583 1905 per
594 1842 652 1889 atria
664 1874 672 1900 ‚
684 1842 747 1905 pina

240 1916 310 1967 Veste
319 1951 328 1977 ,
345 1917 500 1981 triumphales
509 1915 645 1967 occubuille
653 1921 727 1969 senet.

205 1991 320 2044 Vidimus
329 1994 407 2043 lliacae
418 1994 540 2044 transferri
550 1998 652 2059 pignora
659 1996 734 2046 Veste
926 2003 969 2054 3⁶5

160 2136 164 2141 ι
241 2071 301 2122 Sede
311 2087 411 2137 :putant
421 2072 613 2142 aliquoascilicet
624 2070 671 2123 elle
681 2074 763 2123 Deos?

206 2151 240 2201 At
249 2154 268 2201 ri
274 2152 416 2217 respicerent
426 2184 435 2210 ,
446 2149 496 2215 qud
504 2166 547 2200 vos
558 2151 671 2199 habltaris
682 2154 708 2199 in
718 2167 770 2199 arce
781 2184 790 2209 ‚
858 2194 861 2199 .

161 2276 163 2281 .
239 2230 336 2296 Totque
346 2227 434 2279 domos
451 2228 537 2277 vellrat
546 2226 673 2279 obsidione
686 2231 762 2291 premi
773 2246 782 2286 ι

204 2307 248 2359 Nil
259 2312 312 2373 opis
328 2311 355 2359 in
366 2324 423 2357 cura
433 2308 522 2357 scirent
535 2302 651 2370 supereffe
659 2304 785 2367 Deorum,

235 2387 267 2436 Et
278 2384 335 2435 data
343 2384 438 2435 soliciti
446 2400 499 2434 tura
508 2387 585 2450 perire
597 2399 680 2433 manu.
923 2397 979 2440 370¹

202 2466 281 2531 Atque
290 2469 381 2515 utinam
392 2479 478 2529 pugn:
488 2477 569 2528 pateat
579 2462 662 2513 locus!
674 2476 739 2511 arma
747 2456 883 2525 capellam

236 2544 287 2601 Et,
304 2547 324 2591 si
338 2558 387 2591 non
398 2556 511 2605 poterunt
520 2541 676 2605 exsuperare,
694 2536 790 2588 cadant.

202 2620 275 2672 Nunc
290 2624 373 2685 inopes
382 2618 477 2672 vitiis,
494 2620 627 2684 ignavaque
641 2618 689 2667 fata
698 2620 824 2674 timenter,

233 2698 320 2746 Monte
331 2698 374 2745 suo
383 2696 475 2745 clausos
482 2696 580 2745 barbara
590 2696 658 2745 turba
672 2698 768 2759 premit·

202 2775 267 2824 Turn
275 2774 355 2823 Venus
366 2807 375 2833 ,
390 2777 415 2821 bt
428 2771 490 2821 lituo
500 2772 599 2836 pulcher
609 2772 736 2837 trabeique
746 2772 859 2832 Quirinus
869 2806 878 2827 ‚
917 2788 958 2837 375

236 2852 353 2917 Vestaque
361 2841 406 2915 pro
417 2850 486 2899 Latio
496 2850 574 2899 multa
584 2848 665 2899 locuta
675 2851 726 2899 suo.

200 2930 320 2989 Publica,
335 2926 473 2993 respondit,
491 2944 546 2977 cura
558 2927 591 2976 est
600 2944 645 2993 pro
655 2928 775 2977 munibus
789 2928 852 2988 illis,

229 3009 336 3073 luppiter
348 3025 354 3054 ι
369 3010 394 3055 δι
402 3021 484 3070 poenat
493 3004 573 3055 Gallia
581 3008 643 3055 villa
653 3004 728 3055 dabit.

198 3088 236 3139 Tu
250 3082 327 3138 modd
338 3120 347 3148 ‚
360 3101 413 3151 quac
423 3082 509 3137 delunt
518 3083 611 3149 fruges,
622 3081 736 3151 superesse
747 3097 875 3147 putentur,

733 3162 793 3227 Giij
