2325 3959
305 400 373 457 260
451 388 493 457 P.
526 389 679 455 Ovrnrr
703 390 896 455 Narsours

301 511 385 558 Sensus
401 509 460 558 inell
469 512 542 574 igitur
554 509 662 569 nebulis,
680 524 738 575 quas
755 511 828 575 exigit
845 512 929 575 ignis:

333 587 471 637 Consilium
482 587 577 652 fugiunt
589 601 667 635 cetera
675 603 741 652 pane
753 603 844 635 meum.

301 663 413 714 Consilio
425 682 553 715 commune
563 668 655 715 sacrum
670 665 725 714 crim
740 664 781 714 fiat
791 669 817 713 in
828 680 866 713 ara

333 744 466 801 fratribus,
477 743 569 793 alterni
582 746 623 808 qui
634 746 723 807 periere
734 758 806 793 marm
817 776 825 800 ,

253 826 279 876 ις
303 820 352 883 {psa
367 822 411 869 sibi
428 820 530 875 discors,
545 835 668 885 tamquam
681 818 807 869 mandetur
820 821 849 868 ab
859 818 929 877 illis,

333 895 453 946 Scinditur
462 900 488 945 in
498 911 577 962 partes
589 911 639 945 atra
651 896 735 945 favilla
746 894 813 946 duas.

301 974 371 1033 line,
383 976 499 1032 memini,
515 972 639 1039 quondam
651 971 701 1023 fieri
712 990 761 1023 non
771 969 835 1038 polle
847 972 992 1037 loquebare

333 1051 364 1099 Et
379 1067 418 1099 me
433 1049 553 1099 Battiades
563 1048 644 1116 Judice
657 1050 730 1099 falsus
743 1065 800 1099 erat.

301 1130 389 1177 Omnia
398 1144 463 1177 nunc
473 1125 565 1188 eredo,
581 1128 637 1177 ctlrn
649 1142 674 1176 tu
686 1144 736 1177 non
748 1129 831 1178 stultus
842 1130 871 1178 ab
883 1129 961 1178 Arilo

250 1214 283 1259 4³
333 1208 411 1271 Terga
420 1222 495 1270 vapor
506 1203 617 1265 dederis,
632 1207 810 1272 Ausoniamque
821 1221 895 1271 petas.

302 1286 357 1335 Haec
367 1288 439 1349 igitur
448 1284 488 1332 lux
498 1284 547 1343 est,
563 1300 616 1349 quae
630 1286 650 1332 si
662 1300 712 1333 non
722 1299 776 1334 orta
787 1281 885 1343 fuisset,

333 1364 408 1413 Nulla
425 1363 471 1412 fult
482 1364 569 1411 misero
586 1361 643 1411 festa
652 1360 757 1413 videnda
768 1364 837 1411 mihi.

302 1440 386 1491 Edidit
396 1444 447 1491 haec
457 1456 537 1490 mores
546 1440 596 1489 illis
607 1439 746 1490 heroidibus
756 1456 854 1506 aequor,

335 1518 395 1579 Quis
404 1533 453 1567 erat
465 1518 551 1567 E'e'tion
562 1517 697 1583 Icariusque
711 1533 785 1583 pater.

254 1609 282 1657 ις
303 1596 365 1646 Nata
379 1595 496 1661 pudicitia
506 1596 556 1654 eil,
571 1610 650 1644 mores
660 1630 668 1655 ‚
680 1596 831 1661 probitasque
841 1591 964 1661 fidesque:

273 1707 297 1725 ,f
335 1676 367 1723 rit
380 1690 430 1723 non
439 1675 494 1722 sunt
504 1672 546 1721 illi
555 1671 644 1737 gaudia
655 1688 711 1723 nata
723 1671 771 1723 die.

302 1750 348 1801 Sed
358 1752 443 1809 labor,
455 1754 480 1799 δι
492 1766 554 1798 curae
566 1784 573 1803 ,
587 1748 731 1815 fortunaque
742 1751 849 1800 moribus
861 1752 939 1815 impar
949 1767 956 1797 e

334 1826 443 1891 iustaque
459 1822 488 1873 de
504 1822 578 1874 viduo
594 1841 659 1889 paene
674 1825 769 1890 querela
781 1840 846 1875 toro.

303 1904 399 1953 Scilicet
409 1903 511 1955 adversis
521 1905 627 1967 probitas
639 1906 740 1952 exercita
752 1906 820 1953 rebus

257 1998 286 2042 50
336 1982 407 2029 Tristi
424 1983 548 2029 materiam
562 1994 670 2044 tempore
683 1980 759 2029 laudis
774 1981 854 2029 habet.

304 2062 327 2108 Si
338 2059 397 2108 nihil
407 2058 485 2107 infesti
493 2056 565 2106 durus
576 2053 672 2105 vidlllet
685 2055 796 2118 Ulyffes,

338 2135 455 2199 Penelope
467 2134 541 2194 felix,
555 2132 596 2183 sed
605 2136 654 2183 sin‘e
666 2131 752 2193 laude,
767 2134 839 2184 foret.

256 2244 258 2248 ·
304 2215 387 2264 Viiior
397 2214 523 2262 Echionias
535 2216 553 2261 si
571 2214 609 2261 vir
619 2210 759 2277 penetrasset
770 2216 795 2261 in
805 2229 868 2262 artes
882 2247 890 2274 ,

337 2293 445 2340 Forsitan
456 2287 570 2341 Euadnen
577 2293 617 2339 vix
626 2290 667 2338 sua
679 2287 857 2339 noffethumus.

261 2391 287 2440 55
308 2368 374 2420 Crlm
388 2369 454 2417 Pelii
467 2382 505 2416 tot
516 2368 562 2414 sint
573 2368 673 2431 genite,
688 2384 729 2415 eur
739 2368 826 2417 nobilis
839 2383 885 2417 una
896 2366 945 2417 esti

338 2446 420 2510 Nupta
430 2444 476 2493 fuit
488 2445 574 2491 misero
586 2460 672 2508 nempe
682 2444 749 2510 quod
760 2461 805 2495 uua
816 2447 878 2500 viro.
932 2470 934 2475 ·

306 2522 395 2583 Effice,
411 2537 438 2571 ut
455 2521 538 2569 lliacas
549 2535 632 2584 tangat
644 2524 708 2586 prior
719 2523 778 2571 alter
793 2539 890 2582 arenas3

339 2598 488 2656 Laodamia,
505 2597 566 2646 nihil
580 2632 589 2656 ,
606 2613 648 2647 cur
658 2599 790 2659 referatur,
802 2602 855 2648 erit.

306 2679 336 2727 Er
353 2693 409 2734 tua,
425 2673 492 2741 quod
503 2675 602 2723 mallem
613 2710 621 2734 ,
634 2678 707 2739 pietas
719 2678 801 2741 ignota
812 2691 933 2737 tumeret,

223 2807 226 2812 ,
259 2765 290 2801 60
338 2750 476 2818 lmpleffent
488 2755 554 2800 venti
562 2755 581 2800 si
590 2768 643 2800 mea
652 2752 706 2801 vela
717 2755 760 2802 sui.

306 2831 340 2883 Di
351 2846 431 2879 tamen
443 2864 450 2889 ,
465 2833 489 2878 δι
502 2828 584 2879 Caesar
595 2827 639 2877 Dis
651 2828 784 2891 accellure,
796 2829 837 2881 sed
847 2832 926 2892 olim,

338 2909 465 2974 AEquariut
473 2908 554 2970 Pylios
565 2906 622 2956 crim
634 2922 674 2956 tua
685 2907 734 2957 fata
745 2906 795 2957 dies
807 2926 815 2967 ι

307 2988 365 3040 Νοιι
375 2987 452 3047 mihi,
465 2989 507 3050 qui
523 3001 621 3050 poenam
639 2984 716 3035 fateor
728 2982 855 3043 meruille,
868 2984 908 3034 sed
919 2986 955 3035 illi

341 3065 446 3120 Parcite,
462 3079 533 3130 qua,
549 3062 619 3113 nullo
635 3060 707 3131 digua
718 3061 823 3128 dolore,
840 3060 916 3115 dolet.
939 3058 941 3065 ’
