2325 3959
406 427 579 491 11315.
811 444 878 509 397

197 539 297 593 Excidat
308 557 361 593 ante
372 542 442 609 pedes
453 544 534 609 lingua
544 544 629 592 resediat
640 554 702 591 tuos.

162 617 287 671 Conditor
298 637 323 670 ut
335 620 422 676 tardae,
435 621 522 670 Blaesus
532 622 698 685 cognomine,
708 616 826 681 Cyrrhae,

190 696 269 750 ¹Orbis
282 701 306 746 in
317 701 447 747 innumeris
457 700 576 747 inveniare
589 697 657 745 locis.
881 716 930 766 54⁰

164 771 242 836 inque
253 777 299 823 tuis
308 775 403 839 opifex,
416 778 467 825 vati
478 774 544 841 quod
555 774 613 822 fecit
623 774 729 832 Achaeo,

199 848 279 900 Noxia
289 851 419 902 luminibus
431 852 520 918 spicula
531 850 620 900 condat
631 853 689 915 apis.

163 926 236 995 fixus
248 929 382 979 &indutis
394 934 495 996 carparis
506 932 594 979 viscera
606 931 665 977 saxis
672 962 682 988 ‚
742 935 746 939 ’

201 1004 236 1055 Ur
245 1010 283 1055 eui
295 1008 383 1071 Pyrrha
394 1010 428 1057 sui
439 1006 489 1058 lilia
501 1007 578 1056 fratris
589 1021 647 1055 erat.

164 1082 202 1131 Ut
212 1099 269 1146 puer
281 1084 443 1151 Harpagides,
458 1085 543 1134 referas
555 1083 663 1149 exempla
674 1081 797 1146 Thyeste,
886 1098 931 1145 Μ

198 1160 272 1226 lnque
284 1164 318 1211 tui
330 1165 400 1211 caesus
411 1165 498 1213 viscera
509 1165 581 1227 patris
592 1178 639 1210 eas.

164 1239 263 1288 Trunca
275 1256 356 1305 getas,
369 1242 431 1290 saevo
442 1241 558 1289 mutilatis
570 1241 675 1304 partibus
683 1240 749 1293 ense,

200 1316 286 1375 Qualia
297 1318 437 1367 Mimnermi
449 1320 556 1365 membra
568 1314 636 1365 fuiffe
648 1316 735 1365 ferunt.

164 1394 231 1443 Utve
243 1397 366 1456 Syracosio
378 1394 502 1460 praestriiiri
515 1394 583 1443 fauce
598 1400 689 1459 po'e'tae,

200 1474 239 1520 Sic
252 1475 336 1521 animae
349 1472 434 1538 laqueo
446 1476 476 1521 sit
486 1475 525 1521 via
535 1472 613 1520 clausa
625 1487 679 1520 tuae.
886 1478 936 1533 55⁰

168 1547 271 1599 Nudave
282 1546 379 1614 derepti
389 1564 486 1614 pateant
498 1564 538 1597 tua
547 1550 637 1597 viscera
647 1545 726 1613 pelle,
822 1603 826 1610 ⁵

165 1639 168 1644 ·
200 1625 235 1675 Ut
245 1626 376 1691 Phrygium
387 1630 453 1690 cujus
464 1630 563 1675 nomina
572 1624 663 1675 flumen
672 1625 754 1673 habet.

166 1702 274 1753 Saxificae
284 1701 364 1752 videas
375 1703 460 1752 infelix
469 1720 511 1752 ora
521 1701 643 1762 Medusae,

200 1780 345 1845 Cephenum
360 1780 450 1830 multos
461 1798 513 1846 quae
525 1779 592 1831 dedit
604 1797 650 1829 una
660 1784 723 1830 neci.

166 1856 313 1909 Potniadum
325 1860 417 1907 morsus
427 1861 508 1907 subeas
519 1893 526 1917 ,
539 1873 566 1907 ut
576 1858 696 1912 Glaucus,
709 1874 823 1923 equarum
838 1876 844 1906 ι
887 1859 930 1910 555

202 1937 276 2001 lnque
292 1934 442 1984 matis'salias
452 1969 460 1989 ,
471 1935 576 1983 Glaucus
588 1949 614 1982 ut
624 1934 683 1981 alter
693 1969 701 1992 ,
713 1950 793 1999 aquas.

168 2014 252 2079 thue
263 2012 356 2062 duobus
368 2010 432 2060 idem
443 2010 510 2060 diuis
521 2009 597 2059 rnodb
608 2027 698 2059 nornen
708 2012 822 2071 habenti,

201 2090 335 2140 Ptaefocent
346 2087 431 2139 animae
442 2090 532 2139 Gnosia
543 2089 616 2138 mella
626 2092 701 2138 viam.

167 2169 317 2234 Solicitoque
329 2169 409 2221 bibas,
421 2169 493 2229 Anyti
506 2164 655 2215 doctissimus
663 2166 724 2215 olim

202 2245 378 2308 Impetturbato
388 2242 454 2309 quod
465 2245 526 2293 bibit
535 2260 577 2292 ore
589 2260 650 2292 teus.
886 2257 935 2309 560

168 2322 222 2373 Nec
233 2322 295 2381 tibi,
308 2324 327 2369 si
337 2319 397 2387 quid
407 2336 471 2370 arnas
480 2356 488 2379 ‚
497 2320 595 2369 ¹felicius
606 2321 722 2371 Haemone
733 2318 801 2370 cedat
813 2338 819 2369 :

202 2398 283 2463 thue
293 2397 335 2446 sui
346 2398 485 2452 Macareus,
498 2401 530 2446 ric
542 2401 634 2465 potiare
647 2396 696 2446 tui.

168 2475 215 2526 vu
227 2474 324 2533 videas,
336 2473 401 2542 quod
409 2480 457 2539 jain
468 2511 477 2535 ‚
489 2475 544 2524 crim
556 2475 660 2525 flammae
669 2477 752 2525 cunila
763 2490 887 2537 tenerent,

202 2554 331 2603 Helioreus
341 2553 417 2618 patrii
427 2552 488 2601 vidit
501 2554 529 2601 ab
541 2569 596 2601 arce
605 2570 674 2617 puer.

168 2633 287 2695 Sanguine
297 2631 383 2694 probra
393 2631 460 2689 luas,
473 2646 500 2679 ut
511 2646 555 2678 avo
567 2634 675 2694 genitore
685 2644 796 2690 creatus,
888 2658 930 2711 5⁵5

204 2710 246 2756 Pet
257 2708 347 2757 facinus
361 2709 427 2757 soror
438 2707 516 2756 elicui
528 2709 567 2755 sua
580 2706 639 2755 fasta
650 2724 742 2771 patena.

170 2786 268 2834 Ossibus
279 2788 351 2851 inque
362 2788 407 2834 tuis
418 2784 459 2835 teli
470 2800 543 2849 genus
554 2786 641 2832 haereat
651 2782 728 2842 illud,

201 2858 318 2911 Traditur
328 2860 395 2908 lcarii
405 2876 454 2925 quo
464 2852 572 2906 cecidiffe
584 2872 665 2921 genet.

170 2939 251 3004 thue
262 2938 350 3005 loquax
362 2940 387 2986 in
400 2953 462 3003 equo
474 2936 505 2985 est
515 2934 586 2984 elisus
596 2947 787 2998 gutturacerno,

204 3018 240 3065 Sic
257 3016 299 3064 tibi
310 3012 434 3064 claudatur
452 3012 544 3078 pollice
554 3014 620 3061 vocis
631 3014 686 3060 iter.
888 3032 933 3079 570

138 3106 140 3111 ’
172 3092 220 3143 Aut
229 3108 255 3143 ut
265 3094 414 3142 Anaxarchus
423 3088 473 3156 pua
483 3091 596 3139 minuaris
607 3086 704 3150 inaltat,
