2325 3959
245 356 561 427 'Turonium
593 354 741 423 Lini.
829 362 895 439 169

212 474 320 543 Utraque
331 482 381 542 iam
390 476 476 527 vestras
486 476 559 527 sistite
569 476 638 525 turba
648 456 733 525 minas.

83 588 89 602 ,
180 552 308 620 Quamque
319 553 388 605 dedit
402 558 478 605 vicem
489 556 616 603 mitissima
626 553 725 603 Caesaeie
735 556 780 614 ira,

213 632 283 682 lianc
299 635 369 681 sinite
379 632 463 683 infelix
474 636 500 681 in
511 632 566 681 loen
572 627 633 697 ruffa
643 630 725 681 feram.

109 740 115 746 -
181 709 206 757 Si
218 743 226 767 ‚
243 726 318 775 quam
329 712 479 768 commerui,
492 725 589 773 potuum
598 726 637 757 me
648 706 749 773 pendere
757 708 830 759 vultis
840 724 849 767 ς

215 785 297 850 Culpa
309 803 361 835 mea
377 788 426 846 est,
446 788 497 851 ipso
508 784 607 852 judice,
620 800 697 835 morte
708 788 797 835 minor.

183 863 283 913 Mittere
294 881 334 912 me
345 866 437 929 stygin
451 867 469 913 si
482 868 531 928 jam
541 860 656 913 voluillee
665 860 696 912 ad
707 860 781 913 undar
919 897 947 946 ⁶5

218 940 315 1001 cesar,
331 945 356 990 in
367 944 413 991 hoc
423 941 497 990 vestri
511 957 561 989 non
572 937 673 1005 eguisset
688 957 743 1005 ope.

80 1062 84 1076 ,
184 1018 225 1067 Est
234 1018 271 1067 illi
286 1020 360 1069 nostri
370 1036 420 1068 nou
430 1017 548 1067 invidiosa
564 1022 656 1067 cruoris

216 1094 313 1159 Copia:
325 1090 439 1162 quodqu‘e
448 1092 531 1154 dedic,
545 1095 602 1143 culm
609 1095 676 1145 volet
687 1130 695 1155 ‚
707 1097 755 1160 ipse
767 1096 836 1145 feret.
935 1120 938 1124 ·

183 1172 235 1223 Vos
246 1172 322 1223 modo
334 1208 343 1233 ,
355 1190 416 1239 quoe
426 1171 488 1222 certe
498 1172 568 1222 nullo
579 1187 639 1237 puto
649 1176 748 1223 erimine
760 1173 844 1231 laesos,

120 1308 124 1315 ¹
216 1250 335 1305 Contenti
341 1253 443 1311 nostris,
462 1251 514 1310 Di,
523 1268 625 1314 precor,
636 1252 680 1300 elle
692 1252 771 1300 malis.

182 1326 234 1379 Nee
247 1342 328 1380 tamen
339 1363 347 1387 ‚
365 1343 393 1379 ut
408 1330 487 1377 cunfili
497 1330 610 1377 miserum
620 1330 710 1377 servare
721 1330 814 1387 velitis,

217 1403 291 1466 Quod
300 1409 389 1469 periit,
402 1405 494 1455 salvum
505 1410 554 1469 jem
565 1421 637 1469 caput
648 1402 694 1462 ell‘e
706 1405 792 1470 potest.

183 1483 221 1532 Ut
234 1500 300 1532 mare
319 1481 447 1542 considat,
458 1486 583 1548 ventisque
595 1483 723 1531 ferentibus
738 1499 807 1542 urar,

218 1561 253 1611 Ut
264 1563 324 1610 mihi
335 1564 454 1625 parcatis,
467 1577 526 1609 num
535 1564 613 1609 miuus
623 1560 687 1609 exsul
699 1578 739 1610 ero
750 1570 759 1613 ἓ

185 1639 244 1689 Non
259 1655 322 1704 ego,
335 1638 430 1689 divitias
441 1636 525 1687 avidus
536 1641 586 1686 sine
596 1636 643 1687 line
655 1636 768 1702 parandi,

217 1719 304 1767 Latum
317 1714 437 1765 mutandis
448 1718 567 1764 mercibus
580 1732 662 1781 aequor
678 1733 719 1765 aro
733 1735 741 1775 3

186 1794 239 1845 Nee
251 1810 323 1859 peto,
336 1811 393 1859 quas
404 1792 529 1859 quondam
540 1796 615 1857 petii,
635 1792 770 1850 studiosus,
787 1794 903 1845 Athenas:

221 1870 317 1937 Oppida
327 1888 379 1920 non
388 1874 448 1919 Asiae
459 1888 509 1921 uon
521 1870 575 1920 loca
586 1871 636 1921 viia
645 1871 717 1935 prius.

187 1950 247 2001 Non
258 1967 302 2009 ut,
315 1947 441 1998 Alexandri
453 1949 541 1998 claram
554 1946 646 1997 delatus
661 1952 686 1997 in
700 1950 802 2014 urbem,

221 2028 326 2077 Delicias
340 2022 435 2077 videam
445 2061 453 2085 ,
465 2026 522 2075 Nile
535 2027 633 2092 jocose,
645 2039 706 2085 tuns.
922 2053 953 2099 30

188 2104 264 2167 Quod
274 2105 354 2153 faciles
365 2119 424 2169 opto
435 2119 534 2163 ventos,
546 2107 599 2169 quis
610 2102 705 2153 credere
712 2108 786 2169 poerit
798 2112 808 2157 i
854 2120 860 2129 ·

223 2186 335 2233 Sarmatis
351 2183 383 2231 eil
399 2182 487 2240 tellus,
497 2198 570 2247 quam
581 2198 635 2230 mea
644 2197 702 2231 vota
713 2198 806 2246 petunt.

189 2262 309 2326 Obligor,
321 2276 347 2310 ut
358 2276 453 2325 raugam
466 2260 519 2310 levi
530 2259 580 2309 iera
589 2259 660 2309 litora
671 2260 757 2318 Pontl3

223 2337 343 2405 Quodque
354 2342 384 2387 sit
394 2355 408 2386 a
418 2337 496 2402 patrii
504 2353 554 2386 tam
565 2338 622 2401 fuga
632 2334 716 2393 tarde,
728 2353 823 2401 queror.

188 2417 278 2467 Nescio
289 2433 339 2482 quo
351 2414 444 2465 videam
455 2418 548 2480 positos
556 2429 582 2463 ut
592 2418 618 2463 in
629 2415 687 2463 orbe
698 2415 807 2465 Tomitas

223 2494 317 2544 Exilem
328 2493 392 2543 facio
401 2511 442 2559 per
453 2508 569 2543 meavoca
579 2495 654 2543 viam.

189 2576 235 2624 Seu
244 2590 283 2622 ine
294 2571 406 2638 diligitis.
427 2587 506 2621 cantos
512 2572 657 2635 compescite
667 2569 766 2630 lineium

223 2653 347 2716 Pronaque
356 2654 404 2700 rint
414 2649 499 2699 nostre
510 2651 611 2696 numina
620 2647 696 2698 vestra
706 2651 760 2702 reri.

189 2732 237 2780 Seu
248 2731 322 2795 magis
333 2726 428 2787 odistis,
439 2723 506 2791 jull'ae
513 2742 553 2774 me
561 2722 677 2774 advertite
689 2739 754 2774 terrae
761 2742 770 2785 5

224 2806 339 2871 Supplicii
357 2821 411 2870 perc
425 2804 458 2853 est
471 2806 497 2852 in
514 2805 612 2867 regione
628 2804 686 2850 mei.

192 2883 271 2940 Ferte,
284 2879 294 2946 (
305 2876 366 2944 quid
375 2881 414 2927 hie
424 2876 505 2925 facio?
517 2875 527 2941 )
540 2872 631 2938 rapidi,
645 2890 698 2923 mea
714 2876 808 2926 carbasa
816 2910 824 2937 ,
833 2882 906 2928 venii.
927 2863 957 2903 90

225 2959 344 3008 Ausonios
355 2954 413 3005 finer
425 2970 467 3002 cur
477 2968 531 3002 mea
540 2950 594 3001 vela
603 2948 703 3003 vident?

920 1289 981 1331 7·¹

859 1683 949 1729 ¹75

819 2450 828 2477 2
924 2458 952 2515 ὃς

85 3100 89 3105 .
193 3035 283 3086 Noluit
293 3035 340 3081 hoc
353 3032 452 3087 Cesar:
465 3028 537 3097 quid,
554 3044 626 3095 quem
635 3027 702 3093 fugat
713 3029 771 3091 ille,
788 3036 871 3083 tenetis
884 3038 892 3082 ἓ

235 3114 302 3170 Tom.
313 3111 366 3169 111.
776 3112 801 3163 Η
