2325 3959
345 368 413 434 334
473 344 516 411 P.
545 344 701 411 Orrnrr
725 344 954 409 NAsonrrs

372 466 479 531 fusaque
486 480 554 514 erant
566 480 620 514 toto
632 462 742 529 languida
752 465 871 514 membra
883 479 957 512 toro
968 482 978 511 ι

339 541 404 593 cum
415 543 494 593 subito
506 546 588 609 pennis
596 546 697 608 agitatus
705 544 905 596 inhorruisset,

291 644 320 681 10
370 622 399 669 Et
413 625 504 685 gemuit
515 638 588 686 parvo
599 635 666 670 mota
676 619 773 668 fenestra
784 621 861 667 sono.
977 670 982 676 ,

336 698 442 747 Territus
460 703 484 748 in
500 702 608 748 cubitum
620 699 699 747 relevo
709 714 763 746 inea
775 698 900 745 membra
913 696 1060 746 sinistrum

368 778 484 826 Pulsus&
496 795 508 825 e
522 774 616 840 trepido
630 779 722 841 pebiore
730 777 829 823 somnus
840 776 916 824 abit.

334 855 415 903 Stabat
427 856 499 904 Amor
510 855 578 903 vultu
588 889 596 913 ,
612 870 662 903 non
673 869 721 917 quo
731 850 795 915 priris
809 850 858 899 elle
873 852 1010 909 solebat,

365 932 542 981 fulcrannum
561 932 621 983 leva
637 932 707 980 tristis
721 945 805 977 acerna
818 945 918 977 manu.

287 1025 313 1073 ¹5
333 1008 384 1058 Nec
396 1024 505 1074 torquem
518 1008 602 1067 collo,
619 1024 663 1055 uec
678 1007 766 1055 habens
782 1004 880 1053 crinale
898 1005 1026 1069 capilli53

364 1087 415 1135 Nec
431 1088 488 1134 bene
506 1084 630 1149 dispositas
643 1098 752 1141 comtos,
765 1096 861 1130 utente
872 1116 884 1139 ,
909 1098 1012 1131 comas.

270 1158 273 1161 ’
329 1162 433 1215 Horrida
443 1162 578 1229 pendebant
589 1163 675 1211 molles
685 1164 804 1226 superorat
814 1160 910 1223 capilli
919 1177 931 1219 3

363 1242 394 1291 Et
408 1244 458 1291 vila
475 1240 506 1289 est
516 1240 593 1288 oculis
604 1238 703 1288 humida
713 1254 790 1303 penna
804 1242 878 1285 meis.

328 1320 412 1380 Qualis
424 1323 456 1368 in·
464 1322 530 1368 a'e'riae
542 1333 609 1381 tergo
618 1317 678 1366 solet
689 1314 735 1364 ess'e
746 1315 869 1365 columbae
879 1349 892 1373 ,

280 1422 311 1455 20
360 1396 513 1447 Tratianuim
526 1395 607 1443 multae
624 1411 696 1461 quam
707 1396 805 1459 tetigere
814 1408 925 1441 manus.

325 1475 397 1525 Hunc
409 1510 417 1534 ‚
437 1476 507 1523 simul
520 1477 619 1539 agnovi,
638 1475 789 1539 nequeenim
800 1474 864 1520 mihi
874 1474 971 1521 notior
979 1470 1039 1527 alter,

357 1552 458 1601 Talibus
475 1550 548 1602 affata
564 1551 596 1599 est
609 1551 682 1598 libera
698 1550 778 1613 lingua
795 1550 877 1599 sonis:

325 1630 347 1677 O
357 1633 429 1695 pueri
443 1630 517 1678 exsilii
530 1627 630 1693 decepto
639 1626 846 1691 causamagistro,

356 1708 434 1767 Quem
446 1707 492 1755 fuit
510 1707 593 1754 utilius
604 1722 654 1753 non
670 1703 776 1754 docuille
788 1707 869 1762 mihi3

276 1805 303 1853 ²5
323 1783 376 1832 Huc
393 1798 488 1849 quoque
499 1783 581 1831 venisti
592 1817 600 1841 ,
616 1782 701 1847 paxest
711 1783 751 1830 ubi
760 1799 871 1847 ternpore
882 1785 976 1845 nullo,

354 1862 384 1911 Et
401 1867 452 1911 coi't
467 1862 561 1910 alitiliis
577 1862 689 1910 barbarus
702 1860 758 1908 lster
769 1864 851 1926 aquis?

321 1938 389 2000 Quat,
397 1942 440 1990 tibi
459 1942 527 1989 causa
538 1942 583 1988 viae
593 1943 602 1988 i
613 1942 657 1988 nisi
671 1942 706 1987 uti
722 1938 785 1987 mala
801 1938 884 1989 nostra
893 1939 1007 1991 videres?

353 2018 412 2077 Qun
426 2020 496 2071 sunt,
515 2021 533 2066 si
552 2019 645 2075 nescis,
663 2014 780 2065 invidiosa
795 2018 848 2065 tibi.

319 2075 358 2145 ‘lu
376 2098 435 2144 mihi
455 2095 543 2144 dictasti
559 2094 673 2160 juvenilia
685 2098 790 2142 carmina
800 2098 912 2159 primus:

271 2189 301 2233 30
350 2173 453 2237 Apposui
465 2176 543 2233 senis,
564 2171 673 2225 teduce,
692 2173 797 2237 quinque
816 2170 899 2237 pedes.

316 2249 367 2299 Nec
379 2266 417 2298 me
428 2250 532 2298 bleonio
548 2251 689 2312 consurgere
700 2253 804 2298 carmine
818 2264 862 2298 nec
875 2266 918 2299 me

347 2326 433 2374 Dicere
449 2342 590 2389 magnorum
606 2323 682 2389 pallus
693 2343 716 2373 es
728 2329 777 2375 asta
788 2325 888 2376 ducum.

313 2404 420 2453 forsitan
437 2406 549 2465 exiguas,
570 2402 660 2467 aliquas
677 2418 772 2463 tamen,
793 2420 859 2454 arcus
873 2409 899 2454 δι
915 2410 980 2473 ignis

346 2480 437 2544 Ingenii
456 2483 516 2528 vires
537 2482 699 2529 comminuire
714 2484 769 2529 mei.
846 2475 849 2480 ’

266 2554 293 2606 55
313 2556 423 2621 Namque
435 2572 479 2621 ego
491 2555 549 2605 dum
565 2572 636 2607 canto
649 2574 688 2607 tua
700 2576 770 2623 regna
779 2574 873 2625 tueque
884 2568 1002 2625 parentis,

344 2634 372 2682 ln
382 2634 477 2683 nullum
488 2652 541 2684 mea
552 2652 618 2684 mens
628 2636 717 2700 grande
730 2640 822 2686 vacavit
831 2628 900 2702 opus.

310 2710 361 2760 Nec
373 2713 426 2760 satis
435 2711 460 2760 id
472 2712 548 2762 fuerat
560 2732 567 2771 3
585 2714 666 2762 stultus
679 2732 774 2781 quoque
784 2720 891 2766 carmina
899 2718 960 2775 feci,

341 2791 435 2839 Artibus
449 2805 474 2838 ut
489 2788 564 2855 polles
577 2808 626 2839 nou
638 2790 703 2840 rudis
718 2790 763 2841 elle
773 2796 841 2842 meis.

307 2866 353 2915 Pro
364 2868 448 2931 quibus
459 2868 566 2915 exsilium
579 2871 665 2917 misero
678 2872 738 2917 mihi
752 2870 844 2919 reddita
857 2888 945 2922 merces
956 2894 964 2926 t
1059 2913 1060 2924 ,

257 2952 289 2998 4e
337 2941 366 2991 Id
376 2958 470 3007 quoque
481 2946 505 2991 iu
516 2948 626 2993 extremis
640 2949 682 3003 ,δι
695 2950 744 2995 sine
755 2963 829 3011 pace,
845 2948 912 2997 locis.

305 3020 336 3069 At
351 3036 400 3070 nou
411 3017 542 3071 Chionides
555 3021 687 3089 Eumolpus
702 3026 728 3073 in
739 3024 833 3089 Orphea
844 3027 896 3075 talis
907 3046 915 3086 5
