2325 3959
275 347 344 413 314
414 320 458 391 P.
478 322 851 401 OvinrrNAtours

271 447 309 495 Tu
320 461 434 512 quoque,
450 461 491 510 per
508 444 595 494 durum
610 445 701 495 servato
716 457 809 509 tempus
826 444 929 503 amico,

225 529 254 575 30
302 524 394 588 Dignus
406 540 429 571 es
439 526 465 571 in
477 526 548 573 tantis
558 538 647 571 nomen
658 522 743 571 habere
754 524 819 571 viris.

269 600 362 664 Dignus
374 617 397 649 es
409 618 416 647 e
429 602 453 649 &
465 604 579 666 quoniam
592 598 687 649 laudem
698 604 786 663 pietate
796 601 912 659 mereris,

209 724 214 726 ,
301 677 359 726 Non
376 680 420 726 erit
432 674 507 726 officii
519 681 595 742 gratia
607 675 676 726 surda
694 679 737 727 tui.

220 809 224 817 ¹
269 752 347 805 Crede
367 756 447 814 mihi,
463 755 570 804 nostrum
586 756 673 804 sinon
688 754 791 807 mortale
809 755 919 805 sutururn

299 832 404 881 Carmen
415 867 424 892 ,
436 835 462 880 in
478 847 520 881 ore
534 832 644 897 frequens
654 833 795 897 posteritatis
805 836 858 881 eris.

220 911 248 958 35
269 909 314 957 Pac
327 908 403 958 modb
414 926 550 974 permaneas
565 910 644 974 lapso,
665 912 771 959 Graecine
780 944 788 969 ‚
805 907 898 967 fidelis;

299 986 375 1035 Dirret
385 990 409 1035 ὃ(
421 990 446 1034 in
456 988 539 1051 longas
550 990 652 1051 impetus
666 988 707 1035 ille
718 1004 804 1039 morat.

266 1064 325 1125 Quae
341 1079 366 1113 tu
380 1063 434 1112 crim
445 1064 554 1128 prestes,
568 1080 636 1113 remo
655 1079 735 1113 tamen
752 1080 805 1115 utor
822 1069 847 1114 in
865 1082 934 1116 aura.

298 1143 340 1192 Nil
358 1159 430 1193 nocet
448 1142 550 1192 admisso
568 1142 668 1193 subdere
679 1143 755 1194 calcar
770 1162 841 1212 equo.

188 1309 190 1312 ·
283 1282 984 1339 ωτ-Ψ-ἢπέεεεπει

369 1418 855 1483 Eprsrouuvrr.

475 1540 748 1627 Arrr'cu

261 1652 320 1775 E
331 1741 383 1774 tsr
395 1724 521 1774 salutatum
532 1725 585 1774 vult
595 1740 618 1773 te
628 1740 681 1775 mea
693 1724 759 1775 litera
770 1725 873 1791 prinulm
885 1716 891 1730 ⁴

291 1804 312 1851 A
323 1804 385 1851 male
396 1806 501 1867 pacatis,
514 1804 609 1863 Attice,
622 1801 690 1852 rniss'a
700 1804 776 1852 Getis.

259 1880 369 1929 Proxima
379 1882 526 1947 subsequitur
537 1916 544 1941 ‚
558 1879 618 1947 quid
631 1898 685 1946 agot
696 1916 703 1941 ,
719 1880 799 1931 audire
809 1882 939 1948 voluptas:

289 1959 366 2020 Etsi,
378 1957 496 2025 quidquid
506 1975 575 2024 agas,
587 1961 617 2008 rit
627 1959 670 2007 tibi
682 1975 737 2007 cura
750 1962 806 2007 mei.

227 2047 239 2096 5
258 2037 310 2086 Nec
321 2037 406 2087 dubito
416 2040 475 2103 quin
484 2041 528 2085 sit:
540 2034 581 2085 sed
594 2052 632 2084 me
644 2038 716 2085 timor
726 2038 774 2101 ipse
785 2036 907 2086 malorum

289 2117 354 2179 Saepe
365 2118 520 2180 supervacuos
531 2118 597 2178 cogit
607 2114 691 2161 habere
706 2128 791 2161 metus·
838 2146 840 2151 -

257 2192 296 2241 Da
312 2196 426 2252 veniam,
447 2194 539 2257 quceso,
555 2193 679 2255 nimioque
694 2192 789 2255 ignosce
801 2192 892 2241 timori.

289 2270 441 2335 Tranquillas
461 2272 533 2317 etiam
552 2268 679 2333 naufragus
694 2271 775 2318 horret
790 2286 871 2334 aquas.

258 2347 306 2408 Qui
323 2347 395 2396 semel
413 2346 446 2395 esi
462 2345 528 2394 ltesut
547 2346 626 2395 fallaci
642 2347 710 2409 piscis
727 2348 756 2395 ab
773 2349 861 2401 hamo,

141 2442 144 2452 ¹
210 2438 238 2471 ro
289 2425 407 2474 Omnibus
425 2438 486 2473 unca
504 2423 562 2471 cibis
579 2440 625 2473 aera
641 2422 729 2472 subesse
744 2440 819 2489 putat.

255 2504 321 2566 Saepe
339 2518 422 2551 canem
439 2498 510 2565 longi
527 2502 604 2549 visum
620 2501 681 2565 fugit
694 2518 768 2565 agna,
785 2502 918 2569 lupumque

208 2576 213 2583 ’
288 2580 390 2638 Credit3
407 2583 431 2628 δι
448 2580 497 2642 ipsa
515 2580 581 2627 suam
594 2578 671 2627 n'escia
681 2582 740 2629 vitat
752 2596 832 2644 opem.

254 2660 364 2708 Membra
375 2655 534 2708 reformidant
547 2656 648 2705 mollem
659 2673 754 2722 quoque
765 2659 842 2707 sautia
857 2660 949 2707 tastum
963 2676 971 2709 t

286 2738 400 2802 Vanaque
411 2736 510 2785 solicitis
520 2736 607 2783 incutit
617 2734 701 2782 umbra
711 2749 813 2783 metum.

207 2829 233 2879 ις
253 2815 290 2865 Sic
307 2831 352 2879 ego
370 2816 480 2864 Portunae
497 2813 550 2862 telis
562 2810 669 2861 confixus
685 2814 772 2877 iniquis
781 2803 792 2871 ,¹

286 2894 381 2942 Peliore
399 2894 510 2955 concipio
525 2891 576 2949 nil,
591 2892 635 2939 niti
649 2888 732 2947 crisie,
749 2904 819 2949 τιιεο.δ

244 2958 305 3020 ΙΧειηι
315 2971 375 3019 mihi
387 2970 436 3019 sata
446 2968 538 3033 liquet,
550 2982 642 3031 creptos
654 2969 769 3016 servantia
783 2968 877 3029 cursus,

284 3048 328 3099 Per
347 3049 393 3098 tibi
408 3048 531 3098 consuetas
545 3048 710 3120 sumperunt
726 3047 783 3099 vias.
