2325 3959
697 391 784 460 50
931 369 1016 437 P.
1074 369 1389 438 Ovmn
1453 365 1843 439 NAsoms

591 509 687 555 440
754 491 815 539 Et
842 490 946 540 Dea
978 508 1059 557 per
1082 490 1217 541 lucos
1235 494 1357 540 mira
1377 490 1539 540 locuta
1563 494 1687 541 suos.

687 567 883 619 Italidas
913 584 1085 619 matres
1106 561 1126 629 ‚⁴
1146 571 1305 635 inquit
1326 604 1342 631 ,
1363 584 1502 635 caper
1522 571 1674 619 hirtus
1690 572 1830 620 inito.

751 647 1008 713 Obstupuit
1035 645 1184 697 dubio
1217 644 1385 698 territas
1401 649 1539 697 turba
1562 649 1700 698 sono.

684 728 847 791 Augur
873 740 1002 776 erat:
1029 731 1207 775 n'omen
1230 725 1387 790 longis
1418 724 1663 776 intercidit
1686 726 1818 775 annis
1835 742 1850 773 z

748 804 912 871 Nuper
946 806 1005 854 ab
1028 803 1261 854 Hetrusca
1280 819 1473 855 venerat
1496 804 1623 853 exsul
1644 806 1816 853 humo.

587 882 767 939 445111e
795 898 992 950 caprum
1020 884 1194 931 mactat
1210 899 1222 929 z
1234 877 1369 949 juffae
1394 883 1473 931 sua
1498 896 1628 947 terga
1648 883 1831 931 maritat

742 961 952 1011 Pellibus
975 962 1163 1009 exsectis
1188 957 1493 1024 percutienda
1518 957 1715 1007 dabant.

678 1037 814 1088 Luna
828 1038 1095 1086 resumebat
1114 1034 1305 1085 decimo
1325 1051 1453 1085 nova
1473 1051 1651 1085 cornua
1674 1050 1842 1094 motu3

739 1113 920 1180 Virque
944 1127 1076 1179 pater
1097 1111 1255 1161 subito
1271 1147 1287 1172 ,
1308 1127 1550 1178 nuptaque
1581 1129 1766 1174 mater,
1788 1127 1903 1162 erat.

675 1192 840 1242 Gratia
862 1190 1078 1239 Lucinaee
1099 1186 1235 1239 dedit
1261 1192 1360 1239 haec
1383 1190 1469 1239 tibi
1486 1192 1684 1239 nomina
1707 1190 1872 1249 lucus;

579 1295 672 1339 450
738 1271 834 1320 Aut
861 1270 974 1337 quia
996 1270 1284 1334 principium
1306 1282 1357 1316 tu
1376 1302 1392 1327 ,
1430 1266 1564 1329 Dea,
1597 1267 1715 1317 lucis
1730 1268 1892 1317 habes.
1917 1297 1920 1300 »

673 1349 816 1398 Parce
831 1362 860 1408 ,·
875 1361 1071 1413 precor,
1099 1342 1308 1410 gravidis
1324 1378 1339 1400 ‚
1364 1343 1516 1394 facilis
1537 1346 1749 1400 Lucina,
1772 1344 1942 1411 puellis
1966 1363 1990 1409 5

735 1427 1079 1490 Maturumque
1101 1438 1238 1472 utero
1260 1421 1476 1472 molliter
1498 1420 1615 1472 effer
1632 1439 1772 1473 onus.

672 1504 851 1551 ORTA
888 1500 988 1551 dies
1013 1500 1191 1560 fuerit,
1174 1518 1185 1530 ·
1220 1515 1271 1550 tu
1304 1499 1467 1550 desine
1487 1500 1677 1551 credere
1698 1505 1868 1552 ventis.

735 1576 949 1629 Perdidit
983 1579 1114 1627 illius
1151 1581 1379 1645 temporis
1412 1595 1523 1628 aura
1556 1577 1722 1629 fidem.

575 1683 627 1723 ..Η
647 1660 704 1723 'if
708 1658 886 1707 lamma
907 1671 1013 1706 non
1029 1656 1274 1706 constant.
1299 1659 1348 1706 δι
1370 1659 1449 1707 sex
1469 1658 1668 1707 reserata
1689 1656 1853 1744 diebus

735 1734 952 1786 Carceris
974 1732 1154 1782 AEolii
1142 1750 1285 1800 ,anua
1307 1733 1411 1784 laxa
1437 1750 1586 1800 patet.

666 1813 692 1863 J
712 1814 752 1862 A
769 1812 826 1861 M
860 1811 978 1861 levis
999 1810 1204 1879 obliqua
1224 1810 1424 1862 subsidit
1447 1813 1677 1878 Aquarius
1700 1813 1833 1864 urni-

732 1891 981 1940 Proximus
1003 1890 1231 1939 aethereos
1266 1893 1427 1955 excipe
1452 1925 1468 1950 ,
1494 1890 1636 1939 Piscis
1655 1926 1672 1952 ,
1699 1908 1865 1957 equos.

666 1970 738 2019 Te
768 1981 1039 2017 memorant
1060 1966 1351 2034 fratremque
1367 1982 1507 2016 tuum
1526 2001 1542 2028 ,
1566 1984 1677 2017 uam
1698 1972 1855 2035 JunCta
1876 1972 2086 2024 micatis

565 2063 664 2111 ψῃ
728 2049 870 2112 Signa
885 2079 902 2105 ,
939 2042 1060 2095 duos
1098 2060 1234 2109 tergo
1270 2042 1530 2094 sustinuisse
1551 2044 1700 2095 Deos.

666 2124 950 2175 Terribilem
971 2122 1219 2191 quondam
1241 2121 1424 2188 fugiens
1441 2123 1680 2189 Typhona
1700 2124 1861 2175 Dione
1879 2161 1898 2187 ,

732 2203 872 2251 Tunc
895 2201 1005 2250 cum
1035 2217 1123 2266 pro
1146 2199 1275 2250 coelo
1296 2201 1512 2266 Iuppiter
1530 2218 1659 2252 arma
1685 2204 1825 2254 tulit:

663 2278 811 2330 Venit
832 2278 893 2329 ad
915 2278 1205 2343 Euphratem
1227 2282 1455 2329 comitata
1476 2278 1718 2345 Cupidine
1740 2300 1887 2349 parvo
1916 2302 1937 2345 3

727 2358 878 2423 Inque
899 2355 1154 2406 Palaestinae
1174 2359 1387 2421 margine
1409 2355 1529 2407 sedit
1542 2376 1694 2425 aquae.

571 2436 872 2511 ΙΙΙ,ςῘΡοΡιιΙιις
899 2438 948 2484 δε
971 2450 1131 2483 cannae
1153 2436 1360 2498 riparum
1384 2437 1569 2485 summa
1591 2437 1839 2488 tenebant.

729 2515 964 2579 Spemque
992 2508 1171 2561 dabant
1190 2510 1351 2561 salices
1381 2514 1468 2562 hos
1490 2530 1682 2581 quoque
1702 2512 1831 2581 posse
1858 2520 1992 2583 tegi.

663 2589 795 2639 Dum
825 2589 981 2649 latet,
1010 2591 1225 2638 intonuit
1251 2605 1397 2640 vento
1428 2606 1636 2641 nemus-2
1660 2594 1745 2644 illa
1768 2597 1958 2646 timore

726 2667 880 2717 Pallet
900 2702 916 2728 ,
943 2671 991 2717 &
1028 2666 1219 2717 hostiles
1245 2666 1397 2718 credit
1417 2667 1571 2719 adesse
1591 2688 1775 2721 manus.

663 2745 822 2812 thue
856 2747 961 2794 sinu
997 2761 1162 2795 natum
1193 2750 1382 2805 tenuit3
1419 2748 1709 2810 succurrite,
1742 2750 2051 2817 Nymphae·
2033 2790 2057 2831 ,²

567 2867 659 2907 450
724 2823 786 2873 Et
820 2820 910 2870 Dis
938 2815 1167 2871 auxilium
1203 2823 1322 2872 ferte
1350 2780 1563 2885 duobus,
1600 2830 1684 2876 ait.

608 2903 610 2907 ⁴
663 2900 765 2950 Nec
801 2916 970 2960 mora,
995 2899 1244 2964 prosiluit·
1263 2901 1409 2965 pisces
1432 2904 1611 2952 subiere
1632 2904 1864 2970 gemelli·
1852 2944 1864 2955 .

725 2979 816 3028 Pro
835 2994 934 3043 quo
966 2994 1093 3027 nunc
1117 2976 1317 3042 dignum
1341 2978 1491 3029 sidera
1511 2997 1682 3031 munus
1704 2984 1913 3036 habent.
1936 3025 1946 3028 -

659 3054 774 3107 Inde
794 3056 926 3108 nefas
948 3053 1131 3107 ducunt
1153 3072 1298 3122 genus
1318 3058 1409 3107 hoc
1428 3060 1673 3134 imponere
1688 3063 1860 3109 mensis
1886 3095 1912 3123 ‚
