2325 3959
293 369 361 432 290
421 344 466 413 P.
491 343 646 411 orion
668 344 866 413 NAsours

224 479 227 485 ·
241 474 273 521 80
323 468 371 515 Aut
385 465 426 514 ubi
436 463 596 529 Tnprobanen
610 461 694 513 Indica
703 467 780 531 cingit
792 470 872 532 aquai

211 539 215 548 ’
288 543 366 596 Altitis
379 545 413 591 ise
430 541 506 593 liber?
527 545 547 589 si
559 557 582 591 re
595 538 705 593 distantia
719 540 790 606 longi

319 618 445 671 Pleiadum
457 617 555 669 laudent
565 622 649 683 signa,
661 616 721 685 quid
733 618 788 669 inde
799 619 880 671 feras?

285 698 332 749 Sed
341 716 419 764 neque
428 700 542 763 pervenio
552 700 644 762 scriptis
656 694 816 747 mediocribus
828 698 908 757 iliuc3

318 778 436 843 fameque
448 791 504 824 eum
512 772 614 823 domino
624 774 686 838 fugit
697 776 727 822 ab
735 774 800 823 Urbe
812 776 866 825 suo.

235 856 263 915 85
284 856 395 922 Vosque,
403 856 491 921 quibus
499 854 558 916 perii
566 886 575 911 ,
584 866 641 901 tunc
649 850 706 899 etim
716 866 770 899 mee
779 850 842 901 fama
856 853 961 918 sepulta
973 857 1017 913 eil.

317 934 388 984 Nunc
397 948 494 999 quoque
503 928 534 981 de
543 929 623 980 nostra
633 943 712 979 morte
723 944 800 978 tacere
810 946 876 979 reor.

321 1052 997 1139 ..ἑ-..ψη

409 1203 750 1267 EPISTOLA
789 1203 863 1266 .VI.

475 1323 803 1428 GRAECINO.

278 1414 408 1547 Esou
417 1504 450 1537 ro
464 1523 473 1548 ,
489 1504 516 1538 ut
526 1487 629 1549 audisti',
641 1505 697 1540 usin
711 1480 735 1539 te
747 1489 838 1540 diversa
849 1494 956 1545 tenebar

310 1569 402 1626 Terra,
423 1584 490 1615 meos
505 1569 570 1615 casus
579 1578 644 1626 ‚eor
655 1564 698 1616 tibi
708 1568 771 1617 triste
783 1568 846 1617 suit?

276 1645 436 1704 Dissimiles,
451 1658 590 1710 metuasque
605 1644 674 1694 lieet.
692 1646 816 1706 Grecine,
833 1646 926 1706 fateri3

309 1727 333 1773 Si
346 1725 406 1771 bene
424 1736 447 1771 te
464 1726 539 1781 novi,
553 1723 617 1771 triste
629 1720 698 1771 fuilie
709 1723 792 1790 liquet.

245 1816 256 1866 ς
279 1802 336 1851 Non
352 1799 417 1851 eadit
426 1803 451 1849 in
466 1814 544 1848 mores
553 1799 635 1849 feritas
645 1802 780 1849 inamabilis
792 1801 864 1858 illos;

311 1880 362 1929 Nec
374 1881 476 1928 minora
488 1876 570 1928 studiis
586 1876 685 1927 dissidet
698 1878 742 1927 ilia
758 1882 812 1928 tuis.
827 1904 830 1910 ·

220 1968 223 1972 “
276 1959 372 2009 Artibus
382 1959 490 2023 ingenuis
502 1990 510 2015 ,
523 1971 624 2021 quatum
636 1957 680 2005 tibi
692 1961 863 2007 maximarum
874 1959 926 2021 est,

308 2038 405 2085 Pelleta
414 2033 574 2093 mollescunt,
584 2035 741 2100 asperitasque
754 2034 824 2099 fugit.

275 2114 326 2163 Nec
335 2118 461 2181 quisquam
470 2111 572 2162 meliore
580 2110 627 2161 fide
639 2112 804 2177 compleditur
811 2113 882 2177 illas,

229 2210 258 2240 10
306 2192 362 2253 Qui
373 2195 429 2242 sinit
439 2189 564 2260 offitium,
583 2190 723 2257 militiaeque
735 2190 811 2241 labor.

274 2270 346 2321 Certd
358 2286 403 2335 ego
412 2290 425 2328 „
436 2268 492 2318 etim
504 2267 608 2333 primum
619 2272 687 2333 ponti
698 2270 783 2318 sentire
794 2269 852 2338 quid
864 2270 960 2340 eii'em,

305 2348 370 2397 Nam
386 2347 432 2396 fuit
445 2349 550 2394 attonito
558 2362 625 2394 mens
633 2346 692 2394 mihi
700 2346 767 2395 nulla
778 2346 818 2395 diu
831 2384 839 2410 ‚

271 2427 327 2475 Hoc
343 2442 439 2492 quoque
450 2426 560 2474 Fortunae
571 2426 647 2483 sensi,
664 2424 731 2491 quod
741 2429 830 2475 amicus
841 2426 955 2495 absiste,

304 2505 352 2565 Qui
364 2507 423 2552 mihi
435 2500 570 2567 presidium
587 2502 675 2568 grande
688 2504 779 2552 futurus
795 2520 853 2554 erar.

226 2596 250 2643 ¹5
272 2584 363 2632 Tecum
378 2596 433 2629 tunc
450 2582 547 2629 aberant
556 2596 623 2645 aegrae
633 2580 717 2629 solatia
726 2584 827 2643 mentis,

266 2679 269 2688 ·
303 2660 440 2723 Magnaque
450 2674 501 2723 pars
512 2662 613 2713 animae,
626 2656 767 2725 consiliique
779 2662 835 2709 mei.

270 2741 381 2798 Arruns,
388 2733 607 2802 quodsuperest‚fer
613 2752 694 2801 opem,
705 2752 789 2801 precor
797 2740 992 2798 eminusunam

223 2839 225 2843 v
302 2812 775 2879 Alloquioquejuvapedoranostrrtuo.

271 2896 330 2956 Quae
338 2928 345 2951 ‚
354 2908 404 2940 non
411 2889 522 2941 mendaci
531 2893 550 2939 si
560 2888 692 2955 quidquam
704 2889 780 2939 credis
787 2894 866 2943 amico
875 2930 883 2955 ,

219 2988 252 3019 so
302 2971 379 3021 Stulta
396 2970 471 3033 magis
487 2966 555 3026 dici,·
570 2966 645 3032 quim
660 2966 789 3027 scelerata,
806 2968 883 3022 decet.

270 3050 321 3101 Nec
337 3048 407 3109 lere,
418 3058 549 3096 uectutum
561 3079 569 3104 ,
580 3048 672 3111 peccati
682 3060 735 3111 quae
746 3050 776 3095 sir
786 3050 871 3113 origo,
