2325 3959
258 358 531 426 Tutsrrurt
553 344 647 424 Lim
675 354 748 426 IV.
805 375 869 445 235

194 478 278 543 Sitque
288 495 382 528 memor
388 477 462 528 nostri
468 494 557 537 necne,
570 477 655 527 referte
666 481 734 526 mihi.
894 480 925 514 ¹0

152 553 207 606 Hei
217 557 292 605 mihil
302 573 344 606 cut
356 587 366 615 ‚=
375 554 484 606 'nimrim
495 572 547 620 quae
558 557 613 604 sunt
620 555 753 614 manifesta,
764 557 873 621 requiro?

194 630 247 684 Cur
258 634 323 685 labat
335 635 448 698 ambiguo
460 635 509 698 spes
517 635 578 682 milri
589 636 664 682 mixta
674 635 756 681 metu?

158 708 242 760 Crede
254 709 321 776 quod
330 711 362 760 est
373 743 381 770 ,
393 708 459 776 quod
467 713 518 777 vis3
530 727 556 758 ac
567 708 647 760 desine
660 725 710 758 tuta
721 713 809 760 vereri:

192 785 279 852 Deque
291 786 338 837 fide
346 788 410 838 certi
421 792 450 836 sit
462 789 504 838 tibi
515 781 657 836 certa'fides.

159 859 283 928 Quodqffl
292 863 350 928 polo
361 861 413 912 ἧκε
426 880 546 929 nequeunt
559 865 602 912 tibi
612 863 691 912 dicere
704 861 824 924 flammae,
893 869 920 917 ¹5

192 939 252 990 Non
258 941 388 992 mentituri
397 957 421 992 tu
429 943 473 992 tibi
480 960 538 992 vote
545 942 619 990 refer:

157 1013 213 1066 Effe
225 1020 260 1068 tui
270 1036 403 1070 memorem
414 1056 422 1081 ,
437 1019 467 1070 de
476 1020 524 1087 qui
535 1021 579 1070 tibi
590 1022 695 1070 maxima
705 1033 761 1068 tuta
771 1019 818 1078 est3

122 1161 123 1166 1
190 1094 312 1163 Quodque
323 1099 416 1162 potest,
427 1100 507 1148 secum
515 1115 606 1149 nomen
617 1099 703 1147 habere
715 1112 793 1146 tuum.

155 1173 272 1223 Vultibus
282 1175 325 1224 iila
337 1180 401 1231 tuis,
421 1191 543 1242 tamquam
554 1179 688 1240 presentis,
706 1177 805 1225 inhaeret
815 1205 831 1234 ,¹

189 1253 274 1318 Teque
285 1270 378 1304 remota
389 1255 492 1318 procul,
505 1257 524 1304 si
534 1252 611 1303 modd
621 1257 683 1317 vivit
695 1287 703 1312 ,
716 1268 789 1301 amat.
891 1272 922 1303 ιο

153 1328 269 1395 Ecquid,
281 1346 307 1381 ut
317 1333 426 1381 incubuit
436 1333 497 1396 justo
506 1349 572 1382 mens
584 1347 647 1395 aegra
657 1329 739 1378 dolori
748 1361 758 1388 ,

190 1407 261 1455 Lenis
273 1409 302 1455 ab
314 1406 440 1458 admonito
452 1411 543 1474 pediote
554 1411 651 1458 somnus
661 1409 712 1456 abit
722 1411 731 1454 i
757 1470 761 1479 ι

156 1485 227 1534 Tunc
243 1486 345 1535 subcunt
357 1501 434 1546 cutte,
450 1484 510 1534 dum
522 1501 544 1534 te
556 1486 676 1552 ledusque
688 1483 803 1550 locusque

190 1563 294 1628 Tangit,
307 1567 331 1611 dt
342 1563 505 1616 oblitamuort
518 1558 575 1614 sinit
585 1560 632 1612 effe
643 1564 710 1612 mcii
891 1551 895 1556 ’

154 1641 187 1690 Et
198 1645 298 1692 veniunt
304 1641 369 1692 estus
382 1647 421 1702 ,δι
430 1659 478 1692 nox
487 1644 605 1692 immensa
615 1639 726 1699 videturt
890 1663 918 1710 ²5

189 1719 301 1786 Fessaque
312 1723 392 1786 jactati
404 1718 568 1788 corporisoisa
578 1719 683 1771 dolent?

155 1799 212 1848 Non
223 1797 335 1864 equidem
347 1797 450 1860 dubito,
464 1803 522 1866 quin
532 1802 583 1848 haec
595 1803 620 1848 ὃ(
631 1812 710 1847 cetera
717 1793 775 1844 fiant
786 1812 795 1853 3

187 1877 283 1943 Detque
296 1893 349 1927 tuus
360 1879 417 1926 casti
425 1881 492 1942 signa
504 1877 597 1927 doloris
607 1893 689 1926 amor:

154 1955 207 2006 Nec
220 1957 324 2004 cruciere
334 1954 430 2013 mimis,
441 1953 516 2020 quim
529 1954 585 2002 etim
597 1942 712 2002 Thebana
721 1965 845 2000 cruentum

187 2033 290 2083 Hedora
301 2029 437 2081 Thessalico
445 2031 507 2081 vidit
517 2033 546 2080 ab
555 2048 597 2080 axe
609 2034 667 2094 rapi.
890 2043 919 2086 30

154 2109 221 2172 Quid
236 2125 316 2160 tamen
326 2112 375 2174 ipse
382 2126 480 2174 pretet,
492 2108 592 2159 dubito:
604 2125 648 2157 nec
659 2106 737 2156 dicere
745 2103 854 2171 possum,

98 2243 102 2250 .
188 2185 305 2236 Affestum
315 2203 387 2253 quern
397 2203 419 2236 te
429 2190 516 2236 mentis
526 2188 612 2235 habere
620 2185 704 2234 velim.

154 2266 236 2315 Tristis
243 2282 266 2313 es
276 2269 284 2314 i
301 2263 415 2330 indignor
426 2302 434 2325 ‚
449 2264 517 2330 quod
527 2267 579 2314 sum
593 2267 636 2313 tibi
646 2265 715 2334 causa
727 2260 818 2312 doloris
829 2280 835 2310 ε

185 2343 242 2392 Non
256 2346 297 2392 es?
313 2358 338 2393 ut
348 2339 433 2391 amisso
445 2346 547 2408 conjuge
556 2341 629 2406 digna
636 2342 711 2391 fores.

152 2421 190 2470 Tu
198 2420 255 2470 vetd
272 2435 312 2471 tua
321 2419 409 2470 damna
420 2419 494 2482 dole,
511 2424 637 2471 mitissima
649 2423 736 2485 conjux
746 2436 754 2479 ς
889 2430 913 2474 tt

185 2499 290 2562 Tempus
303 2501 327 2546 dc
339 2515 352 2546 a
362 2499 446 2547 nostris
458 2502 525 2563 exige
537 2500 601 2548 triste
609 2499 694 2547 malis:
845 2497 848 2501 ’

154 2575 240 2640 Fitque
255 2592 321 2624 meos
332 2578 412 2624 casui:
422 2576 454 2623 est
466 2576 576 2641 quedam
590 2575 647 2625 flere
657 2576 785 2641 voluptas:
849 2566 857 2578 ⁴

185 2651 298 2715 Expletur
316 2651 427 2714 lacrymis
445 2657 596 2719 egeriturque
610 2653 691 2703 dolor.

155 2731 231 2794 Atque
239 2730 331 2778 utinam
343 2727 444 2791 lugenda
456 2730 500 2778 tibi
513 2747 562 2778 non
575 2734 643 2788 vita,
658 2729 699 2779 sed
709 2727 766 2780 effet

186 2806 253 2854 Mors
272 2821 325 2853 mea
336 2805 343 2854 Ξ
355 2819 434 2853 morte
445 2805 508 2854 fores
520 2807 569 2855 sola
580 2808 660 2856 relista
671 2808 734 2857 mei.

155 2885 251 2950 Spiritus
261 2885 301 2932 hic
314 2900 355 2946 per
368 2897 391 2931 te
404 2886 490 2947 patrias
502 2882 585 2934 exisset
597 2888 624 2934 in
640 2901 718 2935 aurate

186 2958 324 3026 Sparsiffent
334 2960 445 3022 lacrymae
457 2963 551 3026 pedora
561 2963 640 3012 nostra
649 2967 702 3028 piae.
738 3027 740 3031 ἢ

155 3040 315 3106 Supremoque
326 3036 366 3089 die
376 3053 463 3090 uotum
472 3041 600 3107 spediautia
612 3041 703 3093 calum
