2325 3959
259 420 326 484 272
399 396 840 491 P.20v1n11NAsortrs

212 518 226 555 ί
232 528 238 566 i
261 520 310 567 Nec
325 520 370 566 niti
381 534 435 583 pars
443 520 498 568 :aiu
508 518 612 568 flammis
623 535 702 584 erepta
710 517 814 581 dolore,

292 593 328 644 Ad
340 612 383 644 vos
400 598 490 660 ingenii
500 600 607 661 pervenit
619 596 669 645 ulla
680 600 736 645 mei.

259 674 296 719 Sic
308 674 417 732 uthram,
432 688 485 738 que
496 673 531 723 nu
544 688 692 723 metuentem
701 673 748 723 tale
759 672 901 738 magistrum

291 747 415 810 Perdidit,
425 754 452 799 iu
461 753 552 801 ciueres
560 752 604 799 Art
614 768 668 803 mea
679 754 746 802 versa
757 752 829 801 foret.
902 787 907 799 .

281 842 977 916 «κὲῆᾚρεψψθ

398 950 649 1013 ELEGIA
689 948 832 1013 XIII.

262 1042 334 1159 H
343 1125 358 1159 t
367 1126 407 1160 rte
427 1126 482 1161 tuus
498 1128 510 1161 e
528 1112 614 1163 Getico
626 1114 702 1163 mittit
710 1112 754 1163 tibi
764 1111 830 1163 Naso
838 1110 969 1161 saluteme

293 1188 392 1236 Mittere
402 1204 453 1237 rem
464 1192 484 1237 si
494 1192 564 1255 quir,
582 1190 630 1255 qui
644 1204 708 1239 caret
723 1192 789 1255 ipse,
804 1189 890 1253 potest.

262 1262 287 1313 rt
293 1280 335 1329 ger
345 1268 411 1315 etum
426 1270 485 1316 traxi
496 1271 607 1333 contagia
616 1284 716 1333 corpore
725 1269 830 1327 mentis,

294 1343 379 1393 Libera
394 1359 515 1395 tormento
526 1362 578 1410 pers
589 1348 689 1405 mihine
701 1362 749 1411 qua
759 1343 847 1395 vacet(

234 1436 243 1476 ς
264 1421 354 1486 Perque
366 1420 416 1471 dies
426 1423 517 1473 multos
531 1423 610 1474 Interit
621 1424 763 1475 cruciatibus
777 1438 851 1481 uror,

295 1496 342 1548 Sed
351 1499 418 1565 quod
425 1517 475 1552 nun
487 1499 586 1550 modico
598 1500 686 1566 frigore
697 1500 756 1550 laesit
765 1503 850 1549 hiems.

263 1577 288 1624 si
299 1591 379 1625 tamen
390 1579 438 1641 Ipse
453 1578 516 1629 vales
528 1610 537 1638 ‚
555 1579 637 1645 aliqui
646 1595 690 1627 nor
699 1592 765 1643 parte
778 1577 899 1628 valemus:
1075 1590 1076 1601 ¹

296 1654 390 1719 Quippe
400 1672 454 1704 mea
462 1656 495 1705 est
504 1658 609 1705 humeris
617 1656 678 1706 fulta
688 1660 756 1707 ruina
766 1659 819 1705 tuis.

264 1732 313 1791 Qui
323 1733 384 1780 mihi
393 1732 450 1781 etim
464 1732 556 1782 dederit
567 1737 673 1799 ingentia
681 1737 781 1800 pignora
792 1768 800 1793 ,
815 1732 920 1799 cumque

183 1854 186 1858 .
219 1809 248 1839 ¹⁰
292 1810 341 1858 ¹Per
356 1825 469 1859 numeros
480 1827 564 1859 omues
573 1814 621 1860 hoc
637 1827 715 1860 tueare
726 1825 796 1875 caput
804 1829 813 1869 3

265 1884 338 1947 Quod
349 1902 389 1936 tut
401 1887 503 1937 metatu
515 1888 604 1937 solatur
614 1888 710 1953 epistola
723 1922 731 1947 ,
749 1904 829 1953 peccas
842 1907 849 1936 ε

297 1967 404 2032 Rernque
419 1970 483 2031 pitur
494 1967 585 2031 prestas
597 2000 605 2025 ,
620 1970 645 2015 ni
656 1969 716 2015 mihi
728 1968 798 2016 verba
809 1982 887 2031 neges.
1077 1972 1079 2035 i

265 2043 318 2092 IIoc
330 2076 339 2102 ,
353 2059 453 2107 precor,
472 2042 573 2093 emenda
584 2062 590 2091 ε
603 2043 669 2109 quod
684 2048 702 2092 si
713 2046 839 2093 correxerit
849 2060 921 2093 unum
933 2078 944 2103 ,

298 2121 385 2169 Nullus
395 2125 420 2171 in
431 2125 526 2187 egregio
536 2138 635 2185 corpore
645 2138 724 2189 uaevus
736 2124 789 2170 etit.

222 2209 246 2253 ¹5
268 2201 375 2249 Pluribus
385 2202 494 2250 accusem
502 2216 510 2255 3
519 2198 570 2249 fieri
580 2201 625 2247 nisi
635 2202 725 2263 possit,
737 2213 763 2247 ut
770 2196 799 2246 ad
808 2215 846 2247 me

301 2280 379 2328 Litera
389 2295 439 2327 non
450 2280 545 2331 veuIat,
556 2274 626 2327 mirra
638 2280 668 2324 rit
679 2276 721 2325 uta
732 2290 821 2325 tumen.

266 2357 301 2407 DI
314 2357 418 2415 fatiant,
431 2358 498 2403 ursit
511 2356 635 2403 temeraria
645 2353 723 2403 nostra
734 2352 828 2417 querela
839 2369 847 2409 3

300 2433 382 2496 Teque
395 2444 478 2495 putem
488 2427 551 2478 falsd
561 2443 612 2479 uon
623 2425 756 2479 meminiffe
766 2428 826 2477 meil

267 2508 341 2571 Quod
349 2523 447 2573 precor,
462 2502 507 2555 effe
517 2505 593 2573 quuet
602 2524 608 2554 ε
617 2521 694 2571 neque
704 2509 769 2555 etum
779 2502 892 2555 mutabiIe
904 2504 979 2553 robur

139 2634 145 2642 ,
220 2605 252 2639 οι
301 2583 406 2637 Credere
417 2600 455 2633 me
466 2583 501 2631 fas
515 2584 547 2631 est
557 2586 655 2647 pesteris
668 2581 713 2633 effe
726 2586 769 2632 rui.

266 2668 335 2720 Cana
346 2667 408 2730 prius
415 2660 497 2729 gelido
508 2661 586 2712 desitrt
593 2664 710 2713 absinthitt
720 2663 816 2722 Ponto,

301 2746 333 2793 Et
343 2756 420 2792 careat
430 2738 495 2789 dulci
506 2741 625 2791 Trinacris
639 2740 720 2801 Hybla
732 2742 830 2801 thym05

267 2810 519 2882 Immemorem'quim
530 2832 553 2866 te
565 2819 692 2882 quisquam
703 2819 830 2865 convincat
837 2817 916 2865 amici.

302 2899 360 2950 Nou
369 2899 403 2945 ita
414 2897 468 2943 sunt
478 2894 522 2944 frti
532 2895 631 2943 stamina
641 2897 709 2959 nigra
718 2896 775 2942 mei.

222 3012 250 3060 ,5
268 2980 307 3029 Tu
324 2990 403 3026 tamen
411 3007 419 3031 ‚
428 2986 455 3021 ut
467 2971 531 3020 fatsae
545 2975 619 3037 possis
628 2988 723 3039 quoque
733 2968 819 3037 pellere
830 2968 905 3033 tulpae

302 3054 429 3110 criminas
445 3047 511 3117 quod
523 3066 573 3101 uon
585 3066 624 3107 es,
635 3064 664 3099 ne
677 3046 785 3110 videare,
802 3063 872 3099 cave:
