2325 3959
272 398 340 480 364
398 386 442 455 P.
472 386 630 457 Ονιιιιι
652 380 849 451 ΝΑεοιιιι

271 544 969 630 5====me
1011 601 1013 606 .

389 684 860 754 EPISTOLAIX.

460 844 789 913 GRAECINO

270 958 420 1081 Um*
404 1023 460 1073 licet
470 1058 477 1083 ,
488 1040 537 1074 non
546 1021 624 1073 unde'
618 1035 702 1087 Juvat,
714 1020 840 1078 Graecine,
851 1016 954 1068 salutem

300 1104 380 1152 Mittit
389 1104 418 1150 ab
429 1102 526 1151 Euxinis
536 1104 598 1150 hanc
610 1101 654 1151 tibi
665 1100 730 1151 Naso
741 1095 819 1149 vadit.

268 1178 386 1250 Miffaque
398 1178 431 1227 Di
443 1178 531 1229 faciant
542 1180 661 1228 Auroram
672 1191 783 1228 occurrat
793 1172 824 1224 ad
835 1174 904 1225 illam
914 1208 926 1235 ,

301 1260 340 1309 Bis
350 1260 416 1307 senos
428 1257 500 1307 fasces
511 1274 563 1323 quae
576 1256 620 1309 tibi
632 1257 709 1321 prima
720 1252 797 1303 dabit.

240 1336 321 1413 5,Ut
334 1338 449 1407 quoniam
460 1338 509 1385 sine
519 1352 557 1383 me
569 1348 650 1403 tanges
660 1330 784 1399 Capitolia
798 1328 912 1391 Consul,

305 1415 335 1464 Et
345 1412 402 1463 fiam
413 1414 487 1463 turbae
496 1430 549 1482 pars
559 1429 604 1479 ego
614 1411 681 1463 nulla
692 1425 756 1470 tuae,

272 1494 300 1547 ln
311 1492 405 1542 domini
414 1492 495 1541 subeat
503 1506 598 1561 partes,
611 1494 636 1539 &
647 1489 739 1554 prestet
748 1488 821 1539 amici

305 1568 438 1628 Officium,
451 1561 513 1635 jusso
525 1569 595 1618 litera
606 1567 684 1616 nostra
694 1565 741 1616 die.

274 1649 351 1713 Atque
363 1664 408 1713 ego
420 1650 439 1697 si
451 1647 505 1696 satis
518 1650 612 1711 genitus
625 1645 763 1694 melioribus
776 1641 867 1704 effem,

228 1738 258 1795 ,ὁ
307 1726 339 1774 Et
350 1742 403 1775 mea
413 1728 504 1774 sincero
516 1739 619 1773 curreret
630 1741 671 1773 axe
683 1739 753 1783 rota;

275 1802 330 1865 Quo
344 1818 407 1851 nunc
417 1802 495 1850 nostra
511 1818 594 1850 manus
606 1803 771 1870 perscriptum
782 1800 908 1875 fungitur,
920 1799 979 1853 esset

235 1904 238 1911 =
308 1881 400 1945 Lingua
411 1877 530 1933 salutandi
540 1895 638 1931 munere
649 1879 729 1928 suntin
738 1882 782 1932 tui.

276 1960 436 2023 Gratttusque
445 1955 528 2006 darem
537 1974 593 2005 cum
603 1955 713 2006 dulcibus
720 1956 802 2013 oscula
809 1956 887 2005 verbis
895 1974 904 2015 3

309 2036 362 2090 Nec
371 2038 449 2085 minus
461 2035 502 2084 ille
513 2052 594 2094 meus,
606 2034 680 2102 quim
691 2050 761 2094 tuus,
773 2031 832 2084 elset
840 2037 930 2089 honor,

230 2142 257 2187 η
277 2113 338 2173 Illi,
349 2110 467 2161 confiteor
477 2148 485 2173 ,
498 2115 530 2167 sic
541 2110 614 2161 essem
625 2113 677 2162 luce
687 2114 815 2178 superbus,

310 2191 346 2241 Ut
357 2207 451 2257 caperet
463 2190 533 2239 fastus
547 2194 587 2241 vix
598 2190 684 2240 domus
698 2190 747 2239 ulla
763 2207 839 2242 meos,

278 2269 392 2336 Dumque
403 2269 464 2319 latus
475 2271 546 2317 santii
557 2272 633 2335 cingit
643 2271 687 2318 tibi
698 2270 766 2318 turba
776 2268 889 2325 senatuis,

313 2346 426 2398 Consulis
443 2345 581 2411 antepedes
598 2350 632 2409 ire
647 2347 738 2399 viderer
755 2347 843 2411 Eques.

279 2427 310 2476 Et
322 2440 469 2492 quamquam
479 2440 590 2489 cuperem
601 2426 691 2489 semper
704 2426 747 2473 tibi
756 2428 879 2489 proximus
891 2423 956 2485 else,

232 2529 262 2563 20
313 2500 448 2555 Gauderem
458 2502 526 2551 lateri
536 2519 586 2551 nou
597 2500 702 2554 habuisse
714 2503 804 2551 locum.

281 2582 332 2633 Ntc
344 2577 470 2645 querulus,
489 2578 559 2633 tutbi
573 2584 683 2646 quamvis
696 2579 796 2630 elideret
802 2615 811 2641 ,
828 2578 901 2631 effem
918 2601 924 2630 ι

313 2656 359 2707 Sed
369 2657 432 2706 foret
442 2674 455 2705 a
465 2657 557 2726 populo
568 2673 619 2707 tum
630 2661 690 2708 mihi
704 2657 775 2712 dulce
788 2664 874 2724 premi.

281 2736 443 2801 Prospicerem
453 2733 558 2799 gaudens
568 2771 576 2796 ,
588 2752 690 2802 quantus
704 2736 768 2787 foret
780 2741 883 2802 agminis
899 2736 981 2802 ordo,

314 2814 440 2879 Densaque
454 2812 528 2879 qulm
543 2814 643 2879 longum
661 2817 730 2865 turba
749 2831 838 2866 teneret
852 2820 906 2865 iter.

236 2911 262 2960 25
283 2892 386 2958 Quoque
397 2894 473 2955 magis
488 2895 566 2947 noris.
581 2893 656 2959 quim
671 2911 710 2951 me
723 2895 833 2960 vulgaria
850 2910 970 2961 tangant,

316 2972 448 3035 Spellarem
457 3004 466 3029 ,
482 2970 558 3036 qualis
577 2988 679 3037 purpura
695 2989 717 3023 te
735 2988 833 3038 tegeret.

286 3051 357 3117 Signa
369 3065 465 3121 quoque
478 3052 504 3101 iu
520 3049 577 3104 sella
594 3047 687 3103 nollem
704 3051 808 3105 formata
827 3052 924 3115 curuli5
