2325 3959
293 389 699 488 Titurium-lin.
733 391 802 459 ΙΙΙ.
847 414 917 479 209

237 511 320 560 Finitis
328 509 403 576 gaude
413 525 450 560 tot
458 513 518 560 milri
530 525 609 560 morte
619 511 699 563 malis.

205 573 286 644 Quim
303 600 371 651 potes
385 620 393 645 ‚
404 599 504 634 extenua
514 583 573 633 forti
584 583 649 632 mala
659 581 732 632 corde
743 581 861 643 ferend03

237 661 282 712 Ad·
290 679 342 729 quae
354 667 404 735 jam
415 661 508 727 pridem
516 678 566 711 non
575 660 634 711 rude
644 665 723 726 pestus
731 664 811 712 habes.

204 738 283 804 Atque
295 743 385 788 utinam
395 755 490 804 pereant
502 741 587 788 anirnae
597 756 652 788 curu
665 757 764 804 corpore
774 738 856 790 nostre
864 743 881 791 i*

237 811 389 878 Effugiatque
399 811 481 862 avidos
491 828 543 878 pars
554 815 616 861 mihi
624 812 691 860 nulia
701 812 787 876 rogor!
933 834 965 873 60

203 889 267 938 Nam
282 893 315 950 si,
328 905 406 940 morte
416 907 495 940 carens
505 925 513 952 ,
523 907 623 942 uacuam
634 889 701 940 volat
711 891 774 939 airus
782 893 810 940 in
819 907 901 942 auram

235 969 350 1033 Spiritus,
363 973 388 1018 &
400 971 474 1020 Samii
485 971 538 1018 sunt
548 985 600 1020 rata
610 966 672 1018 dista
682 970 759 1028 senie3

202 1045 267 1096 Inter
282 1048 422 1098 Sarmaticae
431 1048 538 1096 Romana
549 1049 675 1112 vagabitur
685 1049 781 1098 umbras
787 1082 798 1110 ‚

233 1125 323 1192 Perque
335 1126 397 1175 feros
407 1141 488 1176 manes
500 1127 595 1190 hospita
604 1126 696 1190 semper
706 1129 761 1175 erit.

201 1199 258 1252 ona
274 1219 354 1252 tamen
364 1203 439 1252 facito
451 1202 523 1267 parvi
538 1201 670 1250 referantur
682 1205 708 1250 in
718 1204 787 1254 urni.
933 1231 961 1281 ⁶5

233 1283 271 1331 Sic
283 1298 327 1346 ego
339 1299 389 1331 non
399 1284 471 1330 etiarn
479 1294 588 1330 mortuus
599 1281 662 1330 exsul
671 1297 721 1330 ero.

199 1359 251 1408 Nec
262 1375 326 1408 vetat
337 1362 383 1408 hoc
396 1359 522 1424 quisquam
531 1357 644 1408 :fratrem
655 1359 771 1407 Thebana
779 1374 914 1423 peremtum

232 1438 361 1502 Supposuit
371 1436 482 1496 tumulo,
498 1437 562 1501 Rege
575 1450 687 1495 vetante,
701 1437 778 1484 soror.

198 1516 276 1582 Atque
287 1531 314 1564 ea
325 1531 381 1566 cum
392 1514 458 1564 foliis
472 1517 497 1564 δι
508 1516 599 1564 amomi
611 1514 707 1579 pulv-ere
717 1515 791 1564 misce
802 1549 811 1576 ,

230 1595 305 1660 Inque
316 1594 449 1643 suburbano
456 1591 554 1642 condita
565 1610 628 1658 poue
635 1593 697 1642 solo.
930 1619 962 1663 70

197 1673 310 1739 Quosque
320 1672 385 1738 legat
394 1673 473 1723 versus
483 1671 556 1721 oculo
566 1687 707 1738 properante
720 1674 800 1722 viator
809 1707 818 1734 ,

227 1749 362 1801 Grandibus
373 1754 398 1800 iu
410 1749 497 1800 rumuli
506 1765 627 1800 marmore
635 1748 700 1800 caede
710 1753 785 1799 noris.

195 1828 243 1879 Hic
261 1845 307 1894 ego
324 1831 365 1894 qui
378 1833 464 1894 iaceo,
479 1843 616 1878 tenerorum
627 1828 692 1878 lusor
705 1845 834 1891 amorum,
896 1889 899 1893 ἵ

227 1907 326 1971 Ingenio
335 1909 395 1971 perii
405 1905 470 1955 Naso
481 1911 552 1970 poeta
562 1923 628 1955 meo.

194 1983 226 2034 At
240 1986 285 2033 tibi
300 1986 440 2049 ¹quitrnnsis
449 2017 457 2044 ,
467 2000 497 2031 ne
510 1986 540 2032 sit
550 2001 635 2048 grave,
650 1987 758 2051 quisquis
768 1987 863 2042 amasti,
925 2012 954 2062 75
992 1984 995 1990 ¹

223 2061 327 2120 Dicere,
341 2061 441 2110 Nasonis
452 2060 560 2109 molliter
570 2059 621 2110 offa
630 2065 727 2110 cubent.

192 2138 246 2189 Hoc
252 2141 312 2187 ‹satis
323 2141 348 2186 in
360 2137 473 2188 tituloest
485 2157 491 2188 r
504 2141 593 2187 etenim
605 2142 696 2204 majora
707 2140 802 2202 libelli,
854 2160 856 2163 ’

224 2217 255 2266 Et
271 2215 382 2268 diuturna
393 2219 470 2282 magis
476 2219 529 2266 ium
539 2233 697 2266 monumenta
707 2221 765 2267 mei.

190 2295 257 2356 Quos
273 2313 317 2360 ego
333 2293 447 2354 confido,
458 2299 566 2361 quamvis
577 2311 680 2344 nocuere
692 2293 807 2355 ,daturos

222 2373 336 2433 Nomen,
356 2377 382 2422 δι
397 2376 487 2422 austori
500 2388 610 2437 ternpore
625 2373 698 2438 ionga
709 2377 761 2424 suo.
921 2389 954 2437 80
969 2376 971 2380 '

187 2456 225 2504 Tu
238 2469 318 2502 tamen
329 2455 441 2514 exstincm
453 2454 535 2503 fetalia
547 2471 647 2503 munera
658 2454 736 2514 fett03

220 2531 304 2596 Deque
321 2533 366 2578 tuis
382 2531 493 2594 lacrymis
504 2531 603 2581 humida
613 2535 674 2582 serta
685 2531 754 2582 dato.
812 2537 813 2540 ’

187 2608 302 2669 Quamvis
315 2610 340 2656 in
359 2611 462 2658 cinerem
473 2627 558 2675 corpus
572 2615 700 2661 mutaverit
710 2614 787 2677 ignit,
822 2646 824 2651 .

219 2687 309 2734 Sentiet
318 2685 425 2734 officium
440 2687 519 2738 mesta
530 2687 612 2738 favilla
624 2692 699 2753 pium.

185 2765 291 2814 Scribere
306 2763 374 2828 plura
382 2764 441 2813 libet
449 2783 455 2813 ι
464 2763 505 2813 sed
515 2783 562 2815 vox
574 2769 633 2814 mihi
645 2765 702 2816 feffa
712 2766 837 2834 loquendo
918 2781 948 2844 85

218 2839 331 2890 Diciandi
349 2843 428 2899 vires,
450 2844 558 2908 siccaque
569 2844 668 2909 lingua,
689 2861 769 2910 negat.

184 2923 273 2986 Accipe
283 2922 392 2984 supremo
404 2919 494 2970 dieium
506 2924 566 2970 mihi
578 2922 677 2972 forsitan
691 2941 732 2972 ore
740 2958 750 2978 ,

215 2995 304 3063 Quod,
321 2999 366 3049 tibi
376 3002 418 3067 qui
428 3000 522 3062 mittit,
538 3001 671 3054 nonhabet
685 3003 753 3069 ipse,
766 3002 839 3056 Vale.
