2325 3959
267 435 551 503 FAsrortuu
573 430 673 497 ΜΒ,
702 428 748 498 V.
806 450 870 516 137

179 547 296 616 Omnia,
312 571 365 622 quae
375 553 488 604 dominos
499 553 553 600 sunt
564 550 674 599 habitura
685 565 770 599 novos.

141 634 252 702 Spargit
263 639 287 685 δι
301 637 351 700 ipse
362 636 415 682 suos
427 633 494 680 lauro
505 645 600 680 rorante
609 628 708 693 capillos
718 644 725 685 3

180 711 216 761 Et
233 715 327 777 peragit
340 709 411 760 soliti
422 706 504 783 fallere
517 724 577 758 voce
588 722 677 771 preces.
873 694 920 742 ⁶8⁰
1001 760 1003 763 Ι

142 790 234 839 Ablue
247 792 362 855 preteriti
372 790 474 853 perjuria
485 787 614 850 temporis,
626 784 714 848 iuquit.
893 776 897 785 '

181 868 268 917 Ablue
276 866 394 933 praeteriti
403 862 494 930 perfida
503 863 575 913 verba
587 859 636 911 die.

144 944 208 992 Sive
227 956 274 1007 ego
292 940 374 991 refeci
387 940 483 996 testem,
493 938 583 988 falsove
594 938 667 986 citavi

183 1020 249 1070 Non
261 1019 364 1070 audituri
374 1021 474 1068 numina
484 1034 571 1082 magna
580 1016 661 1072 Jovis;

145 1099 209 1148 Sive
221 1097 303 1146 Deum
311 1094 412 1163 prudens
423 1096 498 1145 aliurn
508 1086 627 1144 Divamve
638 1088 732 1145 fefelli,

184 1175 335 1225 Abstulerint
351 1174 438 1224 celeres
452 1174 562 1240 improba
573 1169 636 1220 diua
645 1168 715 1219 Noti.

155 1254 192 1303 Et
205 1268 303 1316 pateant
313 1256 422 1302 veniente
432 1249 471 1299 die
480 1252 583 1315 perjuria
593 1249 662 1297 nobis
674 1265 683 1306 i
708 1274 710 1277 ·

187 1330 244 1378 Nec
254 1344 338 1378 curent
345 1330 443 1394 Superi,
455 1331 474 1377 si
484 1345 532 1393 qua
543 1328 637 1375 locutus
646 1342 696 1374 ero.

150 1406 197 1455 Da
208 1405 358 1455 moddluera
368 1408 445 1464 mihi,
454 1404 485 1454 da
496 1404 558 1453 fado
569 1402 656 1469 gaudia
664 1403 731 1451 lucro
743 1418 751 1460 3
847 1440 855 1451 ,

80 1484 95 1493 ”
190 1484 223 1533 Et
235 1484 287 1533 face
298 1499 325 1533 ut
335 1485 421 1532 emtori
432 1484 503 1532 verba
513 1478 604 1531 dediffe
615 1485 690 1547 iuvet.

151 1551 229 1611 Talia
243 1562 376 1611 Mercurius
385 1562 522 1627 poscentem
534 1559 597 1609 ridet
608 1560 637 1609 ab
648 1560 698 1609 alto
709 1593 718 1621 ,

189 1641 219 1689 Se
233 1656 328 1689 memor
344 1640 456 1703 Ortygias
466 1636 600 1703 surripuiffe
610 1639 690 1688 boves.

148 1717 201 1767 AT
210 1721 271 1768 mihi
284 1716 376 1782 pande,
388 1734 491 1783 precor,
507 1730 574 1770 tanto
585 1716 687 1767 meliora
694 1716 784 1782 petenti
791 1752 800 1779 ‚

187 1797 216 1845 ln
230 1798 346 1846 Geminos
358 1812 386 1844 ex
397 1812 445 1861 quo
455 1811 563 1859 tempore
576 1794 680 1844 Phoebus
691 1810 738 1844 eat.

151 1872 223 1924 cum
234 1872 338 1923 totidem
349 1872 379 1921 de
394 1874 474 1921 mense
487 1870 537 1921 dies
548 1869 663 1937 supereffe
676 1871 789 1932 videbit;
888 1893 895 1914 ι

191 1953 260 2011 Quot
273 1952 328 1999 sunt
337 1950 449 1999 Herculei
460 1949 520 1999 fasta
531 1951 639 2004 laboris,
654 1953 695 1999 alt.

155 2026 223 2086 Die,
237 2044 282 2092 ego
294 2025 406 2091 respondi
420 2029 532 2087 ,causam
543 2030 604 2075 mihi
619 2026 700 2079 sideris
716 2032 794 2094 huius.

191 2104 296 2154 Causam
309 2102 414 2153 fecundo
423 2101 531 2168 prodidit
541 2121 583 2152 ore
591 2104 666 2153 Deus.

157 2182 309 2233 Abstulerant
323 2197 400 2246 raptas
413 2182 519 2231 Phoeben
530 2182 677 2247 Phoebesque
689 2182 794 2230 sororem

191 2259 336 2324 Tyndaride
346 2260 446 2319 fratres,
458 2261 498 2310 hic
508 2276 578 2326 eques
589 2294 597 2319 ,
614 2259 656 2309 ille
666 2259 742 2330 pugil.

156 2338 223 2389 Bella
230 2352 314 2402 parant
325 2372 333 2396 ,
349 2352 505 2404 repetuntque
516 2338 568 2386 suas
579 2340 603 2386 δι
616 2337 688 2387 frater
700 2341 724 2387 δι
737 2334 807 2396 ldas;

190 2418 311 2481 Leucippo
322 2414 373 2466 fieri
381 2418 461 2481 padus
473 2431 572 2482 uterque
586 2432 666 2481 gener.

156 2494 201 2550 His
212 2510 294 2553 amor,
311 2508 338 2541 ut
348 2508 469 2558 repetant,
481 2494 548 2553 illis,
562 2508 589 2542 ut
599 2491 697 2543 reddere
707 2493 788 2543 nolint
795 2528 804 2555 ,

190 2571 324 2621 Suadere&
340 2588 368 2619 ex
379 2572 448 2619 eausa
458 2586 547 2637 pugnat
558 2587 657 2637 uterque
670 2575 729 2635 pari.

155 2650 268 2715 Effugere
278 2647 392 2698 OEbalidae
403 2650 471 2697 cursu
482 2664 580 2713 potuere
592 2651 729 2714 sequentes;

190 2726 237 2778 Sed
250 2729 327 2776 visum
338 2726 408 2774 celeri
418 2728 512 2775 vincere
523 2742 590 2791 turpe
604 2726 670 2791 lugi.

156 2806 229 2856 liber
239 2805 269 2853 ab
277 2804 399 2853 arboribus
410 2803 477 2853 loeur
492 2805 538 2861 est,
552 2819 608 2870 apta
622 2820 674 2854 area
685 2819 770 2869 pugnae
781 2822 787 2853 r

190 2882 354 2934 Constiterant
363 2880 414 2930 illie
423 2899 430 2929 ι
438 2898 528 2931 nomeu
539 2880 648 2947 Aphidna
659 2880 724 2931 loco.

158 2964 256 3013 Pectora
271 2961 378 3023 trajeiius
393 2959 495 3022 Lynceo
508 2959 593 3010 Castor
605 2961 633 3008 ab
644 2960 713 3019 ense,

191 3040 248 3089 Non
262 3038 392 3100 exspeilato
403 3036 500 3086 vulnere
507 3041 589 3102 pressit
597 3040 706 3086 humum.
869 3053 919 3098 για

158 3112 232 3166 Ultor
242 3108 306 3165 adest
315 3110 421 3175 Pollux,
439 3114 464 3163 δι
479 3111 574 3179 Lyncea
588 3111 693 3181 perforat
709 3109 787 3173 hasti,
