2325 3959
331 412 398 477 286
472 408 515 476 P.
544 410 699 475 Omnis
718 412 915 477 NAsoith

361 532 471 580 Anxietas
481 534 555 579 animi
567 566 576 590 ,
589 533 763 596 continuusque
774 530 850 581 labor.

327 610 392 659 Nam
400 626 453 659 mea
461 626 502 675 per
516 609 602 674 longos
615 612 633 657 si
645 612 698 675 quis
709 609 772 659 mala
786 607 878 675 digerat
889 624 996 670 annos,

280 700 310 733 ιο
358 686 437 737 Crede
448 688 525 745 mihi,
537 687 608 749 Pylio
620 686 718 737 Nestore
732 691 810 752 maior
821 704 871 735 ero·

326 764 411 816 Cernis
424 782 450 816 ut
467 770 494 814 in
507 764 571 814 duris
582 800 590 825 ,
605 769 629 815 δι
640 762 699 831 quid
711 766 772 815 bove
782 763 891 814 firmius?
905 767 979 813 arvis

357 844 438 892 fortia
453 857 575 892 taurorum
586 859 686 907 corpora
701 842 795 907 frangat
804 858 874 907 opus.

323 919 383 980 Quae
398 936 520 986 nunquam
530 935 607 970 vacuo
618 921 689 991 solita
702 921 735 969 est
742 916 828 969 ceffate
839 919 945 979 novali,

298 1008 302 1015 ·
354 999 475 1047 Pruffibus
492 996 590 1047 assiduis
600 996 657 1047 laisa
667 1000 766 1047 senescit
776 999 871 1047 humus.

277 1079 303 1128 ¹5
321 1075 439 1135 Occidet,
455 1074 486 1125 ad
501 1066 569 1127 Circi
582 1079 601 1125 si
614 1078 665 1142 quis
679 1079 809 1125 certamina
819 1078 930 1140 semper,

353 1156 410 1204 Non
420 1157 558 1203 intermissis
569 1155 674 1203 cursibus
687 1188 694 1213 ,
710 1155 755 1203 ibit
769 1168 851 1220 equus.

319 1234 400 1282 Pinna
415 1235 446 1280 sit
459 1231 503 1280 illa
517 1232 594 1292 licet,
608 1232 713 1281 solvetur
731 1234 757 1280 in
772 1246 883 1296 aequore,
901 1233 996 1290 navis,

351 1310 411 1370 Que
421 1324 552 1375 numquam
565 1306 663 1375 liquidis
671 1313 733 1359 sicca
741 1310 830 1359 carebit
840 1310 918 1374 aquis.

318 1387 360 1437 Me
373 1404 469 1453 quoque
486 1385 597 1437 debilitat
607 1389 676 1437 series
692 1388 808 1437 immensa
818 1386 943 1436 malorum
952 1420 963 1441 ,

270 1476 301 1509 20
349 1465 410 1514 Ante
424 1482 505 1515 meum
517 1480 610 1531 tempus
618 1468 685 1531 cogit
694 1469 719 1515 bc
731 1463 777 1515 effe
787 1467 876 1515 senem.

316 1540 374 1601 Otia
390 1559 475 1608 corpus
486 1544 572 1602 alunt3
585 1546 678 1593 animus
688 1560 785 1610 quoque
795 1544 898 1608 pascitur
914 1545 980 1594 illis.

347 1618 495 1668 Inmodicus
506 1635 591 1669 contra
602 1624 678 1686 carpit
688 1636 816 1687 utrumque
826 1620 904 1669 labor.

313 1694 412 1762 Aspice,
431 1701 456 1746 in
469 1701 510 1747 has
524 1715 601 1763 partes
609 1696 675 1765 quod
681 1702 777 1763 ‘venerit
789 1699 815 1749 Ε
819 1700 876 1747 sone
886 1716 959 1749 natus
975 1737 986 1762 ,

348 1774 428 1834 Quam
440 1775 535 1825 laudern
546 1794 559 1825 a
570 1779 620 1826 seta
630 1777 764 1842 posteritate
776 1776 845 1827 ferat.

267 1870 295 1917 ²5
314 1852 345 1902 At
355 1852 423 1902 labor
431 1854 497 1903 illius
505 1855 586 1905 nostro
598 1855 720 1922 leviorque
731 1858 871 1921 minorques

347 1932 371 1979 Si
382 1930 458 1981 modd
467 1948 517 1981 uon
526 1950 610 1982 verum
622 1936 721 1983 nomina
733 1949 819 1999 magna
830 1922 954 1998 premu'nt.

253 2007 256 2010 ’
313 2009 357 2058 llle
374 2010 407 2059 est
419 2014 444 2059 in
454 2011 572 2067 Pontum,
589 2011 655 2061 Pelii
665 2014 793 2071 mittente,
808 2011 948 2078 profedus,

345 2087 394 2150 Qui
410 2092 450 2137 vix
462 2086 589 2138 Thell'aliae
602 2088 649 2139 fine
666 2088 786 2139 timendus
800 2103 858 2138 etat.

312 2165 411 2218 Caesatis
421 2170 456 2217 ita
466 2170 526 2216 mihi
536 2170 636 2227 nocuit,
652 2184 724 2235 quern
738 2168 799 2217 Solia
816 2168 846 2216 ab
860 2180 916 2216 ortu

216 2242 222 2253 ’
265 2265 295 2309 3⁰
343 2246 404 2296 Solis
415 2244 445 2294 ad
454 2248 548 2294 occasus
558 2261 656 2311 utraque
667 2260 728 2295 tetra
739 2248 828 2295 tremit.

309 2323 415 2373 Juostior
428 2324 554 2375 Hemonia
568 2324 600 2375 eil
610 2324 704 2383 Ponto,
720 2340 793 2393 ¹quarn
803 2324 895 2383 Roma,
908 2325 940 2372 sit
951 2324 1023 2374 lslro:

342 2400 373 2450 Et
383 2403 476 2450 brevius
487 2434 495 2460 ,
506 2401 581 2465 quim
597 2418 657 2461 nos,
672 2402 714 2451 ille
725 2404 815 2468 peregit
826 2406 879 2451 iter.

308 2474 354 2524 llle
370 2478 454 2527 habuit
470 2480 590 2537 comites,
608 2481 698 2543 primos
716 2480 809 2529 telluris
823 2481 936 2531 Acldvae:

340 2556 372 2603 At
386 2554 489 2603 nostram
505 2557 582 2603 canui
593 2552 717 2606 destituite
729 2558 819 2623 fugam.
900 2605 904 2612 .

261 2648 288 2697 35
307 2631 359 2681 Nos
370 2631 448 2699 fragili
462 2632 555 2682 vastum
569 2634 636 2699 ligno
652 2634 794 2687 sulcavimus
804 2652 900 2703 equor:

340 2708 398 2769 Quae
411 2708 467 2757 tulit
477 2708 622 2770 AEsoniden,
640 2711 708 2762 firma
719 2718 798 2764 catina
809 2714 863 2764 fuit.
900 2758 902 2763 .

306 2787 358 2837 Nec
376 2787 467 2851 Tiphys
486 2790 546 2836 mihi
561 2792 638 2839 πᾶσι
648 2804 697 2839 etat
709 2809 716 2839 ι
726 2808 770 2841 nee
782 2794 889 2857 Agenore
900 2808 991 2856 natus,
1069 2826 1070 2871 p

337 2864 401 2924 Quas
417 2865 543 2931 sequerer,
556 2864 655 2922 docuit,
672 2886 729 2934 quas
739 2869 892 2937 fugeremque
907 2876 969 2923 vias.

303 2940 376 2990 illum
388 2956 463 2991 tutata
472 2944 506 2991 est
519 2959 575 2992 cum
587 2944 682 2995 Pallade
692 2949 757 3011 regia
765 2948 827 2997 Juno
840 2968 847 2999 s

254 3033 288 3077 4ο
335 3018 468 3069 Defendite
477 3037 558 3069 meum
568 3026 669 3072 numina
679 3024 745 3073 nulla
755 3041 834 3090 caput.

302 3095 376 3147 Illum
386 3097 479 3150 &tute
488 3101 569 3165 juvere
579 3098 707 3166 Cupidinis
718 3117 778 3153 artes
787 3136 797 3164 ,

1068 2900 1070 2976 l
