2325 3959
250 461 560 529 Fasnonnn
586 448 766 521 Litall.
817 454 859 516 61

99 634 103 639 .
187 581 222 630 Ut
232 583 291 633 solet
305 582 335 633 ad
348 586 398 633 nati
413 595 489 631 mater
499 584 561 628 itura
574 592 669 641 regum.

156 658 362 726 Grandaevumque
374 674 465 731 patrem
478 656 527 707 fido
538 674 594 706 cum
604 660 706 720 conjuge
722 652 801 703 castris
865 642 879 691 ⁸
884 658 911 707 15

187 738 291 789 Evocat:
302 744 326 788 δε
336 738 412 803 positi
423 740 487 787 venit
498 752 598 800 uterque
608 733 685 783 mord.

154 813 235 880 thue
243 814 327 865 vident
340 818 447 865 habitum
459 848 466 874 ,
478 830 531 879 quae
542 812 617 861 luctus
627 812 697 860 causa
708 812 847 877 requirunt,

186 892 235 942 Cui
252 910 318 959 patet
328 896 461 959 exsequias,
471 908 549 959 quove
561 895 592 939 sit
602 894 647 941 ida
659 888 734 939 malo.

153 969 197 1019 illa
215 969 256 1021 diu
273 976 375 1031 reticet,
394 969 579 1037 pudibundaque
590 968 652 1017 celat
663 969 750 1016 amictu

187 1047 234 1097 Ora
247 1069 252 1098 ι
264 1048 342 1100 fluunt
355 1052 466 1113 lacryma
476 1066 543 1097 more
554 1049 663 1113 perennis
673 1058 749 1111 aquae.
864 1051 913 1101 820
997 1062 999 1065 ’

152 1125 214 1176 Hinc
234 1144 300 1192 patet
312 1162 319 1189 ,
331 1132 387 1178 hinc
398 1132 485 1192 conjux
494 1128 610 1189 lacrymas
620 1124 743 1179 solantur,
757 1124 782 1172 δι
792 1134 864 1170 orant

183 1203 277 1254 indicet
287 1225 295 1253 ε
307 1212 331 1256 dt
351 1222 415 1256 ceco
426 1206 532 1270 flentque
542 1218 677 1269 paventque
688 1216 764 1251 metu.

151 1280 199 1331 Ter
211 1299 298 1333 conata
312 1286 396 1350 loqui,
409 1299 444 1333 ter
454 1282 544 1333 destitit
556 1302 562 1329 ε
574 1283 677 1346 ausaque
691 1277 798 1345 quattd,

183 1360 241 1410 Non
251 1362 337 1411 oculos
347 1362 407 1413 adel>
418 1362 510 1410 sustulit
519 1361 560 1408 illa
572 1362 634 1408 suos.

149 1438 204 1505 Hoc
219 1456 316 1506 quoque
333 1441 466 1504 Tarquinio
476 1436 631 1487 debebimus?
642 1434 756 1499 eloquar,
766 1433 844 1498 lnquit
852 1435 909 1498 ,825

183 1516 289 1584 Eloquar
299 1517 383 1567 infelix
394 1516 495 1567 dedecus
506 1517 557 1581 ipsa
566 1529 658 1563 meum.

151 1596 257 1662 Quaque
270 1597 363 1661 potest,
380 1612 472 1645 narrate
482 1595 598 1645 restabant
608 1591 695 1641 ultima
704 1622 713 1649 ,
724 1586 791 1639 fleuit
801 1604 810 1636 a

182 1676 212 1723 Et
231 1677 374 1726 matronales
387 1676 501 1725 erubuere
515 1690 590 1740 gene.

148 1750 216 1801 Dant
228 1758 323 1803 veniam
338 1755 400 1804 fabio
414 1758 508 1819 genitor
519 1756 656 1818 conjuxque
670 1749 763 1803 tuedo.

182 1831 261 1891 Quam
269 1833 367 1891 ‚'dixit‚
377 1837 473 1882 veniam
483 1848 526 1882 vos
538 1830 614 1889 datie,
626 1831 677 1894 ipsa
683 1844 756 1893 nego.
861 1824 911 1888 830

148 1906 202 1957 Nec
219 1926 304 1957 mora:
317 1910 395 1958 celato
409 1909 462 1973 figit
472 1912 511 1957 sua
523 1912 618 1974 pedion
630 1908 692 1955 ferto
701 1911 714 1964 ς’

94 1990 98 2001 ’
182 1986 214 2033 Et
228 1984 294 2035 cadit
309 1989 334 2035 in
351 1984 439 2051 nuttios
456 1986 638 2050 sanguinolenta
653 1982 733 2047 pedet.

149 2062 221 2111 Tunc
226 2079 322 2127 quoque
328 2066 378 2127 jam
383 2065 497 2121 moriens¹
505 2078 534 2110 ne
540 2078 590 2109 non
596 2055 738 2126 pincumbat
747 2058 843 2109 bonelli
852 2094 862 2117 ,

183 2141 287 2205 Respicit
298 2159 304 2188 =
317 2143 367 2190 hec
378 2143 452 2189 etiam
462 2154 520 2187 cura·
527 2137 633 2189 cadentis
644 2153 704 2186 etat.

147 2218 212 2269 Ecce
225 2221 292 2283 super
305 2236 403 2285 corpus,
415 2221 554 2267 communia
564 2215 652 2265 damna
662 2229 803 2281 gementes,
863 2213 906 2276 835

182 2298 261 2348 Obliti
271 2296 374 2356 decoris,
386 2301 469 2363 virque
478 2312 591 2362 paterque
601 2300 688 2360 jacent.

147 2376 235 2427 Brutus
247 2375 328 2433 adest,
352 2374 497 2442 tandemque
508 2378 591 2427 animo
601 2377 642 2427 sua
651 2376 752 2424 nomina
761 2372 825 2422 fallit
836 2391 843 2421 t

180 2456 284 2521 Finaque
294 2457 418 2505 semanimi
428 2470 527 2519 corpore
539 2454 588 2503 tela
595 2456 665 2517 rapit.

145 2534 331 2600 Stillantemque
347 2550 428 2584 tenent
446 2536 560 2598 generoso
575 2536 688 2598 sanguine
704 2531 825 2591 cultrum,

179 2611 262 2661 Edidit
276 2612 410 2677 impavidos
422 2630 463 2661 ore
475 2614 580 2662 minante
593 2615 680 2670 sumta
861 2606 909 2665 840

148 2689 192 2738 Per
204 2691 248 2738 tibi
260 2707 305 2754 ege
315 2693 378 2739 hunc
389 2692 542 2757 jtttu·fortem
555 2691 826 2756 castumquectuorem,

174 2766 266 2830 Perque
283 2780 336 2815 tuos
348 2768 446 2822 Manes,
464 2770 506 2833 qui
521 2769 581 2815 mihi
593 2784 680 2817 numen
690 2784 777 2827 erunt3

148 2841 308 2907 Tarquinium
323 2860 404 2909 poenat
415 2844 517 2909 profugi
524 2862 579 2895 cum
591 2846 660 2911 stirpe
670 2846 792 2898 daturum.

181 2920 233 2970 lam
245 2922 299 2970 satis
311 2922 344 2971 est
353 2924 427 2971 virtus
438 2921 585 2973 dissimulata
596 2923 646 2974 diu.

145 2999 193 3049 llla
203 3004 281 3063 iacens
290 2998 321 3051 ad
330 3002 401 3050 verba
413 3002 495 3053 oeulos
508 3006 557 3052 sine
569 3004 660 3053 lumine
669 3008 764 3065 motin

181 3077 283 3143 Visaque
295 3078 409 3128 concussa
426 3079 487 3130 dida
501 3083 600 3146 probate
612 3082 694 3131 comi.

145 3152 231 3203 fertus
240 3154 266 3203 in
278 3155 397 3223 exsequias
407 3158 483 3207 animi
494 3171 603 3211 matrona
611 3157 705 3217 vitilisa
