2325 3959
279 380 583 465 Frsronnn
608 374 707 441 Lrn.
733 372 802 443 IV.
855 375 897 459 89

207 499 259 549 Tu
278 501 340 551 mihi
352 502 521 566 propositum,
532 511 558 546 tu
568 497 629 545 mibi
641 497 732 561 semper
742 510 810 561 opus·

167 576 243 637 Quae
257 576 337 628 decuit
348 614 357 638 ,
368 581 450 643 primis
460 581 510 627 siue
521 575 731 631 crimineiusimus
741 576 823 631 annis;

209 654 290 704 Nunc
301 660 384 705 teritur
393 656 476 705 nostris
484 672 537 705 area
544 658 622 718 maior
633 656 707 719 equis.
749 682 751 685 -
920 650 950 684 ¹0

168 731 308 799 Tempora
325 751 380 783 curn
394 736 490 788 causis,
507 732 638 782 Annalibus
648 746 714 780 eruta
725 732 823 796 priscis,
858 761 874 772 „

210 809 341 876 Lapsaque
358 812 401 862 sub
419 825 509 865 terras,
522 824 622 875 ortaque
632 812 715 874 signa,
730 825 799 858 cano.

166 882 346 939 Venimus'ad
360 905 490 955 quartum,
501 904 551 955 quo
562 904 588 938 tu
599 887 769 947 celeberrima,
781 887 895 935 mensem.

209 964 246 1014 Et
262 982 358 1027 vatem,
375 971 400 1017 δι
410 968 586 1021 mensemscis,
599 966 697 1026 Venus,
719 962 764 1013 elle
776 980 838 1014 tuos.

166 1040 251 1093 Mota
269 1042 415 1107 Cytheriaca
425 1046 509 1097 leviter
518 1061 571 1093 mea
579 1060 688 1109 tempora
697 1058 778 1106 myrto
917 1046 943 1095 ¹5

207 1121 344 1188 Contigit:
357 1127 399 1183 δι,
410 1122 528 1189 Coeptum
537 1121 622 1188 perfice
632 1158 640 1182 ,
652 1121 712 1172 dixit
724 1156 732 1181 ,
744 1138 814 1187 opus.

169 1199 300 1250 Sensimus
311 1218 320 1259 3
336 1205 361 1251 δι
373 1201 452 1252 subitb
462 1204 536 1251 causae
546 1216 643 1266 patuere
652 1198 755 1250 dierum.

207 1278 281 1329 Dum
291 1279 367 1335 licet,
383 1282 509 1345 &spirant
524 1277 639 1338 flamina,
652 1281 718 1327 navis
732 1292 780 1327 eat.

173 1356 201 1404 Si
221 1372 273 1421 qua
290 1372 371 1406 taruen
381 1374 434 1422 pars
444 1357 501 1407 tede
513 1358 584 1406 fatus
602 1371 696 1421 tangere
714 1354 797 1410 debet.

209 1430 294 1481 Caesar
305 1466 314 1491 ,
335 1435 361 1480 in
372 1432 465 1497 Aprili,
481 1448 531 1497 quo
542 1432 659 1489 tenearis,
676 1432 756 1481 habes.
913 1426 945 1459 ²⁰

171 1506 223 1557 Hic
239 1507 271 1559 ad
286 1524 310 1559 te
320 1509 407 1575 magni
418 1507 541 1559 descendit
550 1512 654 1575 imagine
665 1510 771 1569 mensis,

207 1587 246 1637 Et
259 1586 287 1637 fit
301 1585 416 1654 adoptivi
426 1588 554 1639 nobilitate
564 1603 626 1637 tuus.

171 1663 229 1713 lloc
248 1680 314 1729 pater
325 1663 426 1724 Iliades,
447 1664 504 1715 crim
520 1665 622 1731 longum
639 1666 751 1715 scriberet
766 1678 873 1721 anatim,

206 1740 295 1802 Vidit3
308 1744 596 1809 &austurestetulitipse
607 1746 670 1793 suos.
789 1802 790 1805 Ἴ

171 1815 257 1882 thue
273 1818 325 1867 sero
335 1820 410 1870 Marti
420 1822 523 1883 primam
532 1818 601 1869 dedit
610 1817 694 1869 ordine
703 1816 791 1873 sortem
802 1854 811 1879 ,
909 1826 936 1876 ²5

106 1906 109 1910 ’
206 1887 283 1955 Quod
294 1896 339 1944 sibi
352 1899 458 1945 nascenti
468 1900 578 1961 proxima
589 1898 658 1947 causa
674 1896 722 1945 fult
732 1915 740 1954 3

174 1974 213 2022 Sic
232 1973 350 2021 Venerem
367 1971 479 2041 gradibus
491 1973 573 2023 nsultis
587 1978 612 2022 in
627 1989 697 2038 gente
713 1974 833 2044 repertam'

208 2050 312 2100 Alterius
322 2050 401 2099 voluit
408 2054 494 2101 mensis
505 2053 591 2100 habere
602 2052 693 2099 locum.

173 2119 368 2195 Principiumque
384 2130 419 2176 sui
432 2131 537 2193 generis,
553 2128 709 2193 revolutaque
719 2144 824 2193 quarens

207 2207 305 2266 Secula,
327 2222 444 2271 cognatos
461 2210 527 2256 venit
537 2205 568 2255 ad
583 2222 655 2273 usque
671 2206 744 2255 Deos.
907 2214 937 2261 30

174 2283 304 2335 Dardanon
323 2283 416 2335 Eleusa
431 2286 532 2334 nesciret
543 2282 665 2333 Atlantide
681 2300 774 2335 cretum
858 2315 862 2337 r

206 2364 318 2416 Scilicet?
333 2364 442 2415 Electran
455 2360 608 2414 concubuisse
619 2363 690 2413 lovi?

175 2439 249 2505 Huius
263 2440 431 2493 Erichthonius
439 2460 446 2492 t
455 2441 517 2491 Tros
529 2440 562 2490 est
572 2456 697 2505 generatus
711 2440 739 2489 ab
750 2439 811 2497 illos

207 2515 331 2569 Affaracon
343 2535 406 2567 creat
416 2522 476 2579 hic,
491 2516 660 2586 Assaracusque
672 2519 767 2584 Capyn.

176 2595 294 2648 Proximus
307 2597 422 2647 Anchisen
435 2631 443 2656 ‚
455 2613 510 2648 cum
523 2614 572 2662 quo
583 2614 712 2647 commune
724 2599 825 2663 parentis
903 2603 930 2654 35

209 2673 263 2722 Non
278 2671 408 2738 dedignata
417 2674 449 2723 est
457 2677 641 2726 nomenhabere
652 2676 742 2725 Venus.
989 2673 991 2677 ’

179 2748 236 2799 Hinc
245 2751 305 2797 satus
316 2749 416 2810 AEneas,
425 2754 498 2815 pietas
507 2752 607 2816 speciata
613 2768 654 2815 per
664 2754 745 2817 ignes,

209 2830 289 2884 Sacra,
306 2843 444 2892 patremque
457 2831 579 2887 humeris,
593 2827 667 2878 altera
681 2832 763 2891 sacra,
782 2830 847 2881 tulit.

180 2906 285 2954 Venimus
296 2902 328 2953 ad
338 2904 396 2954 felix
406 2904 534 2971 aliquando
545 2923 635 2955 nomen
650 2907 713 2968 liili3

209 2980 273 3031 Unde
284 2980 370 3032 domus
381 2984 485 3033 Teucros
498 2984 561 3035 lulla
570 2989 647 3050 tangit
658 3004 722 3037 avos.
897 3004 929 3049 40

181 3061 292 3115 Postumus
302 3064 358 3117 haic
367 3097 378 3127 ‚
397 3064 455 3133 qui,
469 3061 536 3133 quod
551 3064 616 3117 silvis
624 3064 671 3117 fuit
681 3080 746 3119 ortus
756 3069 783 3119 in
791 3067 860 3132 altis,
