2325 3959
265 420 334 485 370
406 399 447 467 P.
472 402 630 474 Ournrr
651 414 848 485 NAsours
885 460 889 468 ‚

259 525 428 592 Iumrmer'rqtte
440 527 493 582 alii,
505 546 564 595 quos
575 534 760 584 intermaximus
768 554 853 586 omnes

292 604 384 655 Cedere
395 606 519 656 Danubius
530 610 553 657 se
565 610 623 664 tibi,
633 611 689 661 Nile
700 649 707 672 ‚
719 630 798 678 neget.

259 683 337 748 Copia
349 700 387 734 tot
398 685 513 741 laticum,
526 704 584 752 quas
596 705 681 753 auget,
693 690 812 741 adulterat
823 690 920 751 endan

210 789 241 825 60
291 765 341 813 Nec
352 770 441 829 patitut
451 770 511 815 vires
523 784 604 833 aequot
614 771 700 817 hebete
711 771 771 817 sues.

258 842 322 903 Quin
332 848 405 893 etism
415 880 424 905 5
436 846 517 910 stagno
526 847 624 900 similis,
633 850 752 912 pigtaeque
762 845 862 912 paludi,

290 921 411 973 Caetuleus
422 928 460 973 vix
469 924 516 984 est,
528 923 674 989 diluiturque
685 926 763 973 color.

256 999 351 1049 Innatat
361 998 423 1050 unda
435 1001 498 1051 freto
507 1000 597 1058 dulcis,
606 1001 729 1067 leviotque
739 1002 833 1051 marini
843 1002 896 1058 est,

288 1077 347 1138 Quae
358 1084 480 1144 proptium
493 1082 570 1128 mitto
581 1078 611 1128 de
622 1080 669 1128 sule
680 1080 774 1145 pondus
785 1082 868 1130 babet.

206 1188 234 1242 ‘5
255 1158 278 1207 st
290 1173 358 1222 roget
371 1162 421 1207 haec
435 1159 536 1224 aliquis,
550 1176 591 1207 cut
605 1162 653 1207 sint
662 1175 755 1208 narrata
765 1158 875 1221 Pedoni,

288 1235 382 1296 Quidve
395 1236 462 1303 loqui
480 1240 550 1286 cettis
567 1240 655 1302 juverit
669 1238 712 1285 illa
725 1236 822 1295 modis;

254 1313 371 1374 Detinui,
384 1312 463 1363 dicam
474 1351 481 1376 ,
493 1331 601 1380 tempus,
611 1332 726 1381 curasque
736 1315 824 1364 fefelli.

286 1394 356 1443 Hunc
368 1394 470 1443 studium
481 1394 581 1458 ptaesens
592 1394 673 1442 attulit
683 1396 743 1443 hora
754 1396 823 1443 mibi.

252 1470 379 1521 ¹lbfuimus
390 1470 476 1531 solito,
489 1469 547 1519 dum
558 1472 683 1520 scribimus
694 1472 750 1532 ista,
763 1470 842 1521 dolori
855 1491 864 1521 t

202 1586 234 1631 70
283 1550 311 1597 ln
325 1548 410 1598 mediis
423 1566 466 1599 nec
481 1566 525 1597 nos
543 1552 657 1597 sentimus
671 1546 718 1598 ell'e
733 1551 809 1599 Getis.

250 1629 282 1677 At
294 1642 334 1686 tu,
345 1642 395 1677 non
406 1628 492 1678 dubito
502 1627 573 1687 ,crim
585 1630 690 1687 carmine
701 1628 792 1677 Thesea
802 1627 900 1691 leudes,

283 1706 391 1755 Materte
406 1706 490 1755 titulos
504 1709 562 1771 quin
574 1721 653 1753 tueate
672 1720 716 1754 tuae
732 1724 738 1753 t
756 1751 759 1756 .

250 1784 376 1850 Quemque
388 1784 459 1833 refers
469 1817 478 1843 ‚
490 1785 583 1831 imitere
594 1785 690 1830 vitum:
703 1797 768 1832 vetat
778 1782 820 1831 ille
831 1781 948 1849 ptuftll'o

282 1861 419 1930 Tranquilli
428 1864 544 1911 comitem
555 1864 669 1925 temporis
680 1858 726 1910 elle
737 1860 820 1911 fidem.

199 1977 227 2025 75
249 1940 298 2003 Qui
308 1958 454 2008 quamquam
466 1940 499 1989 est
510 1939 575 1991 labiis
587 1942 684 2003 iugens,
695 1943 719 1988 &
730 1938 843 1990 conditur
853 1957 867 1990 a
876 1955 902 1990 te

280 2022 323 2069 Vir
338 2036 423 2077 tanto,
436 2032 526 2085 quanto
538 2016 622 2067 debuit
633 2034 673 2066 ote
683 2022 752 2075 eani3

246 2098 286 2147 Est
297 2113 377 2149 tamen
388 2115 416 2147 ex
426 2098 470 2146 illo
482 2098 550 2145 nubis
567 2095 685 2143 imitabile
699 2094 832 2162 quiddam,

278 2177 354 2243 Inque
371 2174 420 2225 fide
436 2176 540 2223 Theseus
555 2174 660 2240 quilibet
674 2172 720 2223 effe
738 2175 825 2239 potest.
922 2181 927 2195 '

245 2256 302 2309 Non
314 2257 357 2305 tibi
369 2255 424 2305 suut
436 2253 513 2303 hostes
524 2251 587 2300 ferto
598 2252 712 2319 clavique
723 2250 858 2313 domandi,

197 2352 229 2399 30
278 2335 321 2382 Pet
332 2348 392 2398 quos
404 2335 441 2381 vix
452 2330 496 2379 ulli
506 2333 600 2396 pervius
610 2331 710 2380 Isthmos
721 2347 771 2381 erat
782 2351 788 2380 e

245 2409 291 2461 Sed
302 2408 445 2476 prestandus
458 2425 540 2468 amor,
553 2425 589 2457 res
602 2426 653 2459 non
667 2412 767 2476 operosa
780 2408 883 2461 volenti.

277 2488 337 2549 Quis
349 2487 417 2535 labor
431 2486 463 2547 est
476 2503 561 2551 puram
576 2504 625 2536 nott
642 2486 763 2537 temetaffe
779 2487 871 2541 fidem?

244 2566 302 2616 llaec
316 2565 374 2623 tibi,
387 2568 428 2631 qui
442 2565 527 2630 petilas
544 2562 703 2615 indeclinatus
722 2569 819 2626 amico,
868 2611 871 2614 .

276 2643 333 2697 Nou
348 2643 397 2707 eil,
410 2641 478 2711 quod
493 2644 576 2711 lingui
594 2643 656 2696 diua
672 2660 786 2715 querente
800 2660 879 2713 putet·

497 2891 499 2899 ’
545 2873 642 3004 qs»
