2325 3959
249 386 391 457 Enisn.
413 406 470 455 nx
491 390 644 459 Pouro
667 392 706 460 L
728 393 796 462 IV.
824 418 891 481 379

159 578 170 593 s
217 552 876 626 Qaessssfflm—m)

277 689 779 779 EPIsToLAxvl.

295 835 757 922 autumnum.

165 924 236 1043 En
246 1010 262 1043 v
275 1012 284 1043 1
296 1012 352 1058 ue,
366 998 425 1063 quid
437 999 525 1051 laceras
534 1003 637 1053 Nasonis
649 1006 755 1052 carmina
765 1005 844 1069 rapti?

205 1070 264 1119 Non
275 1073 335 1123 solet
344 1078 445 1139 ingeniis
458 1080 550 1129 summa
560 1098 647 1130 nocere
658 1079 718 1130 dies.

162 1148 290 1214 famaque
301 1152 353 1215 post
364 1156 454 1203 cineres
464 1162 541 1222 major
552 1162 620 1209 venit
632 1179 638 1207 ε
651 1163 676 1208 ic
687 1161 748 1207 mihi
759 1175 850 1211 nomen

205 1226 275 1275 Tune
287 1245 384 1294 quoque
394 1265 402 1290 ‚
415 1232 470 1280 culm
481 1238 541 1283 vivis
553 1253 720 1287 annumeraret
730 1272 738 1298 ,
749 1253 808 1287 erat.

166 1300 239 1353 Cim
251 1305 314 1356 foret
325 1312 349 1357 bc
362 1310 469 1367 Marsus,
483 1318 613 1381 magnique
624 1319 733 1366 Rabirius
743 1320 810 1378 oris,
910 1339 920 1378 i

204 1382 341 1451 iliacusque
351 1388 449 1449 Macer,
462 1389 613 1459 sidereusque
624 1394 689 1444 Pedo
699 1414 707 1444 e

171 1460 206 1509 Et
216 1496 224 1520 ,
236 1466 278 1527 qui
289 1464 407 1515 Juuonem
419 1466 512 1519 laesisiet
524 1475 549 1519 in
560 1472 678 1529 Hercule,
688 1472 765 1524 carus
772 1488 781 1531 ;

206 1540 337 1591 lunonis'si
348 1560 398 1593 non
409 1548 458 1609 Jam
470 1563 541 1611 gener
552 1548 594 1598 ille
607 1550 680 1599 foret.

168 1615 268 1681 Quique
279 1616 347 1669 dedit
358 1621 427 1670 Latio
440 1640 535 1674 carmen
546 1627 625 1692 regale
635 1630 752 1686 Severus,

201 1694 298 1744 Etcum
308 1698 389 1746 subtili
401 1700 491 1751 Priscus
503 1717 604 1769 uterque
615 1703 707 1754 Numi.
895 1710 926 1743 ¹0

166 1771 265 1837 Quique
280 1774 318 1825 vel
330 1778 460 1841 imparibus
476 1786 598 1841 numeris,
611 1783 747 1842 Montane,
762 1782 801 1834 vel
816 1785 891 1849 :quis

203 1848 313 1909 Sufficis3
326 1857 458 1918 &gemino
470 1863 574 1907 carmine
585 1876 674 1909 nomen
685 1861 766 1909 hebes.

166 1926 200 1976 Et
212 1930 254 1991 qui
267 1928 391 1994 Penelopae
403 1933 529 1983 rescribere
540 1938 610 1998 iussit
618 1934 740 1998 Ulyffen,

197 2004 325 2054 Errantem
335 2008 397 2057 saevo
408 2024 449 2072 per
460 2007 510 2059 duo
522 2011 595 2060 lustra
605 2016 667 2061 mari
676 2030 685 2069 ·,

165 2084 263 2149 Quique
274 2088 341 2135 suam
355 2086 471 2137 Troezena
478 2124 487 2149 ,
497 2090 711 2157 imperfesiumque
723 2089 824 2144 ,dierum
894 2118 919 2164 ¹5

200 2162 312 2211 Deseruit
323 2163 394 2213 celeri
405 2181 484 2216 morte
493 2168 595 2216 Sabinus
605 2185 674 2232 opus.

163 2240 306 2307 ingeniique
320 2244 355 2292 sui
366 2240 441 2293 diuus
452 2248 599 2311 cognomine
610 2248 716 2312 Largus,

199 2320 293 2370 Gallica
302 2325 344 2387 qui
356 2324 487 2388 Phrygium
498 2323 567 2375 duxit
579 2328 605 2374 in
614 2342 670 2375 arva
681 2328 772 2375 senem·

165 2398 261 2461 Quique
268 2402 332 2449 canit
343 2399 461 2451 domitam
469 2402 613 2455 Camerinus
621 2404 650 2452 ab
659 2404 762 2453 Hercule
770 2404 884 2470 Trojame

198 2476 294 2542 Quique
306 2478 347 2527 sud
357 2496 447 2529 nomen
458 2480 570 2543 Phyllide
581 2475 672 2530 Tuscus
683 2484 764 2531 habet.
888 2520 919 2551 ω

163 2553 320 2619 velivolique
330 2559 401 2604 maris
412 2571 494 2615 vates,
506 2562 545 2606 cui
556 2558 651 2607 credere
661 2562 736 2623 possis

197 2634 313 2685 Carmina
321 2633 434 2683 caeruleos
444 2635 603 2699 composuisse
614 2638 689 2685 Deos.

86 2714 90 2727 '
163 2710 260 2777 Quique
271 2713 332 2759 acies
344 2711 460 2774 Libycas,
475 2714 630 2779 Romanaque
641 2714 740 2778 proelia,
751 2713 826 2775 dixit,

197 2790 229 2837 Et
240 2790 331 2836 Marius
342 2821 351 2846 ,
362 2790 442 2852 scripti
454 2789 535 2839 dexter
547 2794 572 2840 io
584 2808 656 2839 omne
666 2808 748 2855 genus.

149 2866 349 2928 ,Trinacriusque
361 2867 406 2913 suae
418 2866 541 2916 Perseidos
551 2872 649 2928 auilor,
662 2874 686 2918 ὃ(
698 2872 780 2918 auiior
884 2900 914 2952 ²5

197 2940 331 2989 Tantalidae
342 2941 451 3001 reducis,
466 2943 683 3011 Tyndaridosque,
696 2947 785 3012 Lupus.

161 3021 194 3071 Et
206 3022 247 3083 qui
259 3019 389 3067 Maeoniam
401 3020 525 3071 Phaeacida
534 3027 621 3078 vertit,
634 3029 658 3073 δι
671 3024 719 3074 uni

193 3094 323 3148 Pindarico
332 3094 421 3149 fidicen
431 3113 457 3149 tu
467 3116 581 3167 quoque,
594 3102 671 3166 Rufe,
682 3102 751 3165 lyrae.
