2325 3959
242 368 657 439 Fauno-nunuzrn.
681 361 752 433 ui.
804 369 846 453 75

160 486 240 557 Ignibus
250 495 339 541 eternis
349 492 540 540 aeterni³numiua
553 490 657 554 presunt

189 570 272 621 Caesaris
281 588 286 619 t
295 573 389 635 imperii
401 572 501 635 pignota
512 566 674 634 juniitavider.

161 647 193 698 De
199 652 272 698 vetetis
287 644 518 713 TroJaedigrrissima
530 643 609 710 prada
618 643 721 705 favilia,

189 727 236 785 Qui
244 730 318 791 gravis
327 726 414 774 AEneas·
420 724 523 773 tutut'alu
533 724 598 771 hoste
606 722 663 780 fuit,

161 805 223 853 Ortus
233 806 257 852 ab
269 802 346 855 AEnei
356 805 539 869 tangittognata
548 799 658 849 sacerdos
859 824 903 873 ,μς

190 881 285 933 Numina
294 899 301 940 ·,
311 894 456 945 cognatum,
469 880 538 929 Velia
550 915 557 939 ,
574 895 641 927 tuere
648 891 728 943 caput.

161 960 219 1021 Quos
228 959 375 1009 sanilifuuet
385 958 426 1007 ille
437 974 509 1006 manu
520 992 527 1017 ,
540 958 600 1005 bene
612 960 691 1006 vivitis
703 959 779 1021 ignes.

189 1038 258 1088 Viuite
268 1038 396 1086 inexstini'ii
405 1060 417 1097 ·,
436 1035 581 1101 flammaque
594 1036 716 1101 Duxque,
730 1049 823 1099 precor.

158 1117 219 1166 UNA
229 1130 282 1165 nota
293 1116 407 1165 eii'Matti
418 1151 426 1175 ,
439 1114 517 1163 Nonis
528 1116 618 1163 sacrata
629 1112 697 1179 quod
707 1112 756 1161 iilis

187 1195 280 1260 Templa
291 1208 376 1259 putant
387 1228 395 1254 ,
408 1180 475 1242 lucos
486 1194 585 1257 thovis
596 1208 651 1241 ante
663 1191 733 1242 duos.
861 1204 909 1261 ,ὁρ

157 1273 264 1322 Romulus
275 1288 302 1320 ut
313 1274 367 1321 saxo
379 1270 461 1319 lucum
476 1268 637 1320 circumdedit
646 1270 715 1328 alto,

187 1349 304 1416 Cuilibet,
320 1349 391 1405 Huc,
404 1350 498 1411 inquit,
511 1346 631 1410 confuge,
647 1362 711 1395 tutus
721 1350 775 1397 etia.
803 1397 805 1402 ,

158 1428 194 1475 0!
213 1426 283 1490 quam
297 1423 327 1473 de
340 1428 405 1473 tenui
418 1425 541 1471 Romanus
551 1425 749 1488 originecrevit!

189 1504 264 1551 Turba
273 1517 340 1553 vetus
352 1501 426 1568 qualm
437 1516 486 1549 non
497 1499 615 1551 invidiosa
623 1502 686 1551 fuit!

158 1578 193 1631 Ne
207 1598 284 1632 tannen
292 1583 375 1646 ignaro
385 1583 479 1629 nouitas
488 1582 531 1629 tibi
542 1585 647 1629 nominis
659 1582 750 1645 obstet,
864 1608 910 1653 435

185 1660 254 1709 Disce
265 1664 317 1727 quis
329 1659 370 1707 iste
381 1656 462 1713 Deu's,
474 1674 545 1707 curve
557 1674 656 1708 vocetur
667 1664 710 1710 ita.
897 1652 902 1660 ⁴

154 1738 257 1804 Iuppiter
267 1739 298 1788 est
308 1742 400 1805 juvenis
411 1756 416 1786 τ
430 1734 548 1804 juveniles'
556 1740 633 1803 aspice
643 1741 732 1789 vultus.

185 1820 266 1883 Aspice
277 1816 363 1867 deinde
374 1834 473 1867 manum
486 1833 493 1874 3
509 1816 612 1865 Fulmina
621 1819 688 1867 nulia
700 1836 773 1869 tenet.

152 1897 262 1945 Fulmina
274 1930 283 1955 ,
299 1896 350 1960 post
359 1897 426 1944 ausos
438 1895 527 1943 coelum
539 1894 647 1944 affe&are
659 1898 790 1961 Gigantas,

187 1976 270 2022 Sumta
281 1974 335 2020 Jnvi
348 1991 354 2020 t
366 1975 445 2037 ptimo
456 1987 578 2035 tempore,
592 1976 690 2021 inermis
702 1992 760 2025 erat.

154 2051 251 2116 Ignibus
262 2048 320 2097 Ossa
331 2054 417 2109 novis,
429 2052 453 2097 δι
464 2048 547 2097 Pelion
556 2050 628 2097 altior
639 2052 699 2099 Ossai

187 2130 267 2187 Arsit,
289 2132 313 2177 δι
325 2131 349 2176 in
361 2124 438 2177 solida
449 2126 509 2175 fixus
521 2126 640 2191 Olympus
654 2131 737 2180 humo.

152 2208 206 2258 Stat
222 2222 319 2273 quoque
335 2204 414 2271 Capra
425 2204 497 2253 simul
510 2224 516 2253 r
531 2204 651 2269 Nymphae
660 2206 749 2271 pavisse
761 2197 870 2263 ittuntur

186 2283 298 2336 Cretides
306 2284 314 2333 't
323 2284 409 2333 infanti
420 2282 458 2332 lac
469 2278 537 2332 (ledit
544 2276 587 2331 illa
596 2284 658 2333 lovi.
670 2274 674 2282 ’

150 2362 226 2413 Nunc
239 2374 315 2413 votor
331 2358 468 2431 aduonren.
484 2358 621 2425 vegrandia
629 2362 691 2413 sarra
700 2364 808 2422 colona,

185 2438 247 2501 Quat
256 2439 319 2489 unali
330 2453 469 2500 creuerunt,
482 2440 598 2505 vescaque
608 2455 787 2507 parvauocanr.
870 2480 914 2524 445

150 2518 196 2568 vis
209 2534 237 2567 ea
252 2522 272 2567 ti
288 2520 354 2569 verbi
365 2520 413 2577 eil,
426 2534 467 2565 cur
478 2531 527 2566 non
538 2534 584 2583 ego
594 2520 692 2585 Vejovls
702 2520 778 2573 edem
791 2557 800 2587 ,

185 2595 276 2646 AEdem
288 2612 340 2645 notu
348 2599 429 2661 magni
441 2598 542 2661 suspicer
555 2596 602 2645 eise
611 2597 692 2650 iovis?

149 2676 277 2739 Jamque,
293 2676 333 2721 ubi
350 2674 475 2723 caetuleurn
486 2675 612 2724 vallabunt
622 2674 697 2725 sidera
708 2677 796 2728 toelum
806 2714 816 2741 ,

187 2753 288 2815 Suspice
301 2767 309 2809 3
325 2750 446 2815 Gorgonei
457 2752 521 2801 tolla
533 2751 625 2801 videbis
635 2758 699 2820 equi.

149 2826 277 2881 Creditur
287 2830 325 2875 hic
337 2830 399 2875 caesae
411 2828 510 2892 gravidi*
516 2834 607 2881 cervice
616 2831 720 2884 Medusae

103 2934 107 2939 ·
187 2908 313 2970 Sanguine
325 2906 432 2969 respersis
442 2906 574 2971 prosilniise
587 2911 658 2975 jubis.

148 2984 221 3037 Huic
235 2986 306 3049 ilrpta
321 2984 394 3032 nubes
406 3019 414 3043 ,
426 2987 451 3033 bt
465 2986 544 3035 subter
558 2981 649 3050 nidera,
661 2989 728 3055 lapso

178 3061 289 3115 Coelum
304 3078 348 3127 pro
360 3061 421 3111 terrai
428 3072 497 3127 ,pro
507 3062 567 3129 pede
576 3083 669 3133 penna,
686 3068 742 3118 suin
792 3081 794 3086 ·

710 3146 735 3193 D
748 3150 765 3209 u

874 2872 921 2917 450
