2325 3959
313 394 379 456 310
452 366 495 433 P.
523 368 679 433 Ovum
700 368 900 433 NAsortrs

305 489 386 553 thue
404 503 471 537 meus
488 487 547 536 lima
568 488 632 536 rasus
649 487 709 535 liber
726 483 784 536 esset
800 490 892 544 amici,

323 566 393 615 ‘Non
404 552 480 614 semel
490 564 616 615 admonitu
631 565 691 614 farsa
706 564 777 613 litura
789 578 832 612 ruo
847 565 892 612 est.

302 644 354 693 Nos
372 645 425 692 sora
442 642 553 694 viderunt
574 646 677 707 pariter,
694 656 737 690 nos
754 642 859 705 porticus
875 642 992 698 omnis,

255 737 286 771 20
334 721 386 769 Nos
403 719 458 780 via,
476 736 520 769 sos
534 722 618 786 juoslis
635 736 707 770 curva
724 722 813 767 theatra
832 719 905 767 iotis.
982 743 985 747 ,

300 796 410 865 Denique
428 785 511 848 tantus
521 815 590 847 amor
607 800 692 851 nobis,
706 799 841 854 carissime,
858 798 985 860 semper,
1061 802 1062 875 1

332 876 440 935 Quantus
459 878 484 925 in
502 872 600 923 AEacide
614 872 784 938 Nestorideque
799 873 854 922 suit.

300 953 357 1002 Non
377 970 440 1019 ego,
460 956 479 1001 si
498 955 589 1002 biberes
607 954 694 1001 securae
711 951 797 1017 pocula
814 952 927 1011 Lethes,

330 1029 505 1079 Exciderehaec
522 1028 617 1078 credam
635 1032 728 1095 pesiore
745 1026 811 1093 polle
828 1044 882 1077 tuo.

251 1116 278 1161 25
298 1109 380 1172 Longa
393 1106 444 1156 dies
457 1106 526 1156 cititis
540 1106 643 1155 brumali
659 1105 752 1165 sidere,
768 1122 863 1171 nosque

328 1183 432 1234 Tardior
449 1183 547 1232 hiberni
562 1183 692 1234 solstitialis
708 1187 761 1232 erit.
1061 1202 1062 1245 q

296 1262 348 1311 Nec
358 1261 466 1325 Babylon
476 1261 574 1320 testum,
588 1278 632 1311 nec
650 1261 740 1327 frigora
757 1261 846 1309 Pontus
860 1262 990 1327 habebit,
1061 1248 1062 1285 l

326 1338 462 1405 Calthaqut
477 1339 590 1387 Paestanas
608 1342 688 1388 vincet
703 1337 777 1388 odore
794 1340 857 1387 rosas
876 1357 883 1387 :
1061 1328 1062 1375 1

296 1418 377 1478 Qulm
391 1419 435 1465 tibi
452 1416 585 1466 ooslrarum
599 1418 696 1466 veniant
706 1415 796 1464 oblivia
806 1431 899 1463 rerum.
1060 1382 1062 1507 1

250 1520 278 1565 30
327 1495 385 1543 Nou
404 1498 437 1543 ita
455 1511 507 1559 pars
526 1493 569 1542 sati
584 1491 685 1542 candida
697 1492 765 1542 nulla
782 1496 839 1541 mei.
1061 1508 1062 1593 q

292 1572 329 1621 Ne
350 1588 430 1621 tamen
450 1576 499 1620 haec
518 1569 565 1619 diti
580 1573 654 1635 possit
671 1566 759 1620 fidutia
776 1568 877 1619 mendax
888 1608 898 1632 ,
1060 1596 1062 1667 q

323 1650 447 1714 Stultaque
457 1647 583 1697 credulitas
594 1648 672 1697 nostra
683 1647 765 1707 fuisse,
780 1666 836 1697 cave
851 1668 857 1713 ς
1061 1684 1062 1703 r

290 1724 463 1792 Constantique
478 1724 525 1773 fide
538 1740 643 1773 veterem
657 1740 732 1775 tutare
747 1723 872 1787 sodalem,
1060 1724 1062 1737 ¹

321 1802 377 1863 Qua
395 1803 467 1865 litet,
489 1803 513 1851 bs
532 1802 649 1869 quanttlm
667 1820 717 1852 non
733 1806 846 1853 onerosus
863 1823 918 1856 ero.

414 2060 849 2143 aristotilis.

499 2224 780 2288 sAtArtO.

287 2316 343 2436 C
356 2402 397 2434 ou
406 2402 440 2433 or
450 2402 466 2433 τ
476 2400 492 2433 Α
510 2384 640 2449 disparibus
657 2390 760 2437 numeris
777 2405 822 2453 ego
832 2388 898 2439 Naso
914 2395 1003 2446 Salano

312 2461 441 2527 Praepositi
455 2463 516 2511 misi
525 2465 596 2513 verba
614 2464 686 2514 salute
704 2482 769 2515 meo.

278 2541 339 2602 Qua
350 2556 401 2589 rata
413 2542 460 2599 sit,
478 2544 549 2605 cupio
567 2560 573 2590 ι
593 2546 706 2609 rebusque
718 2559 744 2593 ut
755 2548 897 2610 comprobet
907 2567 999 2613 omen,

311 2621 347 2669 Te
367 2635 450 2685 precor
464 2636 478 2667 a
491 2619 557 2668 salvo
575 2624 663 2685 possit,
680 2625 772 2681 amice,
790 2624 846 2688 legi.

247 2713 259 2758 ς
277 2696 395 2755 Candor,
410 2698 435 2743 in
449 2698 496 2745 hoc
506 2713 558 2746 aevo
574 2715 610 2746 res
620 2697 777 2749 intermortua
787 2717 868 2765 pene,

310 2776 408 2840 Exigit,
429 2788 456 2822 ut
473 2774 560 2823 fatiam
577 2775 633 2824 talia
649 2790 723 2834 vota,
741 2792 803 2825 tuus.

276 2853 341 2902 Nam
357 2853 442 2900 sutrim
456 2856 564 2916 quamvis
575 2852 675 2902 modico
693 2854 737 2902 tibi
752 2857 863 2919 cognitus
881 2858 942 2918 usu,

308 2932 400 2979 Diceris
411 2931 496 2977 exsiliis
510 2929 649 2995 ingemuisse
664 2934 731 2981 meis.

275 3002 393 3073 Missaque
412 3008 440 3055 ab
458 3022 564 3060 extremo
581 3010 669 3074 legeres
687 3009 742 3057 crim
757 3013 863 3061 carmina
878 3012 976 3076 Ponto,

228 3104 258 3136 ao
308 3087 352 3137 llla
372 3102 425 3157 tuus
440 3089 502 3151 juvit
518 3086 700 3154 qualiacumque
713 3086 804 3149 favor„
876 3154 878 3158 ι
