2325 3959
298 446 362 532 398
415 444 458 511 P.
484 444 663 511 Orrurr
687 446 912 513 Nasours

326 568 419 632 libaque
430 583 473 632 pto
484 565 566 615 solidis
577 566 684 631 frugibus
694 562 744 615 ossa
754 567 848 616 sonent.

293 642 374 709 thue
386 660 477 709 patrem
488 646 637 703 Psamathes,
647 642 736 693 condat
747 659 770 693 te
783 646 887 694 Phoebus
897 645 924 693 in
937 643 991 691 ima

326 722 425 772 Tartara
434 740 442 781 3
453 720 519 788 quod
529 737 591 771 uatae
601 722 689 771 fecerat
699 722 740 770 ille
750 724 806 770 suae.

246 799 368 866 5751nque
381 815 435 849 tuos
445 817 472 850 ea
482 800 550 865 peliis
565 815 620 859 eat,
632 815 704 865 quam
719 798 802 848 dextra
817 796 941 849 Chotoebi

327 876 410 937 Vicit,
421 893 492 941 opem
504 878 595 925 miseris
605 876 768 941 Argolicisque
780 876 846 925 tulit.

295 952 378 1019 thue
389 970 462 1018 nepos
477 952 579 1014 AEthrae,
594 954 692 1003 Veneris
705 956 821 1018 periturus
834 950 868 1001 ob
882 952 965 1009 iram,

326 1032 397 1080 Exsul
409 1032 438 1080 ab
448 1032 556 1081 attonitis
569 1032 692 1079 excutiaris
704 1034 780 1095 equis.
958 1034 962 1042 ‘

293 1110 392 1175 Propter
402 1126 458 1173 opes
468 1124 565 1173 magnas
576 1123 603 1157 ut
612 1106 718 1172 perdidit
729 1110 812 1171 hospes
821 1105 947 1155 alumnum
958 1137 968 1163 ,

247 1192 294 1253 580
326 1184 412 1235 Perdat
422 1186 454 1235 ob
466 1188 560 1250 exiguas
571 1202 593 1234 te
604 1200 657 1234 tuus
668 1186 752 1251 hospes
762 1201 828 1249 opes.

295 1264 357 1315 Utve
374 1264 453 1313 serunt
465 1264 547 1313 statres
560 1264 599 1313 ser
617 1280 673 1312 cum
687 1263 894 1312 Damasichthone
903 1260 995 1318 caesos,

326 1342 429 1391 intereat
441 1357 518 1391 tecum
530 1345 562 1390 sic
573 1358 647 1406 genus
657 1358 729 1390 omne
739 1357 816 1390 tuum.

294 1418 396 1470 Addidit
408 1436 434 1469 ut
445 1418 531 1469 fidicen
543 1422 635 1468 miseris
643 1421 684 1469 sua
695 1419 778 1469 funera
787 1422 863 1478 natis,

330 1500 368 1546 Sic
381 1500 424 1546 tibi
436 1501 483 1547 sint
493 1502 547 1547 vite
563 1495 633 1546 taedia
642 1496 701 1562 justa
712 1511 767 1545 tuae.
870 1528 873 1537 ·

248 1590 276 1651 58
283 1574 358 1653 'Utve
370 1575 437 1624 soror
446 1574 556 1639 Pelopis,
571 1576 627 1622 saxo
640 1572 730 1622 duretis
742 1574 844 1628 oborto,

326 1652 357 1701 Et
370 1651 436 1700 laesus
451 1652 531 1717 lingui
547 1652 629 1700 Battus
644 1652 673 1699 ab
690 1653 739 1715 ipse
754 1650 804 1699 sui.

294 1728 354 1777 Aera
367 1731 386 1777 si
400 1726 470 1777 misso
482 1745 586 1776 vacuum
600 1726 735 1793 jaculabere
750 1727 835 1788 disco,

325 1805 381 1864 Quo
395 1821 452 1869 puer
465 1802 585 1854 OEbalides
596 1840 604 1863 ,
617 1807 676 1852 istus
692 1808 721 1853 ab
735 1806 791 1855 orbe
807 1803 887 1856 cadas.

292 1883 365 1947 Siqua
381 1898 422 1947 per
438 1881 540 1931 alternos
554 1882 686 1947 pulsabitur
701 1881 764 1932 unda
781 1883 901 1942 lacertos,

247 1977 293 2022 59⁰
327 1960 412 2009 Omnis
430 1959 544 2023 Abydeni
560 1963 590 2009 sit
603 1962 646 2008 eibi
659 1963 725 2026 pejor
737 1959 807 2025 aqui.

292 2031 409 2089 Comicus
420 2053 446 2087 ut
457 2034 554 2103 liquidis
564 2040 652 2103 periit,
664 2036 723 2085 dum
734 2039 821 2097 trabat,
835 2040 861 2087 in
873 2036 958 2098 undis3

324 2116 355 2165 Et
366 2130 406 2165 tua
417 2118 449 2164 sic
461 2116 555 2180 Stygius
565 2114 694 2179 strangulet
704 2131 747 2163 ora
757 2114 846 2180 liquor.

292 2192 340 2242 Aut
351 2196 391 2242 ubi
400 2195 526 2243 ventosum
537 2192 651 2258 superiris
662 2192 789 2257 naufragus
798 2208 897 2258 aequor,

325 2270 443 2321 Coutasti
453 2287 548 2337 pereas,
559 2286 587 2320 ut
596 2270 735 2330 Palinurus,
748 2272 831 2321 humo.

246 2362 255 2407 5
260 2347 373 2413 95Urque
384 2352 552 2398 cothurnorum
563 2344 642 2398 ratem
654 2347 729 2397 tutela
739 2346 840 2402 Dianae,
856 2384 860 2389 -

323 2426 447 2475 Dilanient
457 2426 557 2491 vigilum
568 2440 592 2474 te
600 2442 696 2492 quoque
705 2426 774 2474 turba
782 2440 878 2473 canum.

291 2503 339 2552 Aut
350 2520 376 2553 ur
387 2504 537 2562 Trinacrius,
549 2502 616 2551 salias
627 2505 694 2568 super
704 2519 745 2552 ora
756 2502 883 2566 Gigantis,

323 2580 428 2629 Plurima
438 2579 486 2645 qui
496 2578 604 2629 finitimas
616 2582 704 2629 Sicanis
713 2578 785 2629 AEtna
796 2583 884 2629 vomit.

291 2658 459 2725 Diripiantque
471 2673 523 2709 tuos
534 2660 620 2707 insanis
631 2658 747 2722 unguibus
758 2672 821 2706 attus

244 2742 292 2784 deo
325 2738 467 2798 Strymoniae
479 2751 580 2795 matres,
591 2736 700 2800 Orpheos
711 2730 757 2783 esse
769 2749 836 2783 rata.

293 2813 370 2865 Natus
380 2829 406 2864 ut
416 2810 514 2864 Althaeae
525 2812 628 2863 flammis
638 2812 772 2861 absentibus
783 2814 854 2872 arsit,

324 2895 363 2942 sie
373 2908 426 2942 tuus
437 2890 542 2941 ardescat
552 2890 635 2955 stipitis
646 2892 701 2954 igne
713 2904 793 2953 rogus.
827 2904 830 2910 ·

292 2970 327 3020 Ut
337 2987 399 3020 nova
412 2968 522 3019 Phasiaci
531 2962 665 3033 compressa
675 2966 707 3015 est
717 2980 791 3036 nupta
802 2965 890 3014 toroni
900 3001 911 3027 ,

325 3048 407 3115 thue
417 3061 482 3113 pater
493 3060 591 3110 nuptae,
603 3060 705 3109 cumque
716 3056 811 3108 parente
822 3040 918 3095 domus.

245 3126 328 3191 605Ut
337 3142 407 3177 cruor
418 3124 547 3178 Herculeos
557 3123 618 3173 abiit
627 3118 726 3174 diffusus
736 3123 762 3172 in
772 3133 835 3171 artus
841 3153 852 3183 ,
