2325 3959
264 355 565 423 FAsronun
589 351 693 420 Lrn.
726 352 769 421 V.
825 374 886 439 123

208 473 343 541 Insequitur
355 509 363 535 ,
375 474 458 539 fugio:
469 473 556 523 fortior
567 473 610 522 ille
622 473 678 523 fuit.

176 550 209 601 Et
225 550 325 602 dederat
335 553 403 601 sratri
414 554 499 603 Boreas
510 556 547 617 jus
557 568 630 601 omne
641 555 748 619 rapine,

204 631 280 680 Ausus
289 629 423 681 Erechthei
433 634 532 695 premia
542 630 603 679 serre
613 628 697 680 domo.

177 706 237 759 vim
249 725 330 758 tamen
341 706 455 757 emendat
464 706 546 757 dando
553 710 615 757 mihi
626 711 725 759 nomina
736 722 829 774 nupta:
877 740 879 747 ι

211 787 288 853 Inque
297 803 353 835 meo
363 802 413 836 non
425 785 459 836 est
470 785 520 835 ulla
529 786 626 851 querela
638 800 701 835 toro¹

178 855 241 914 Vere
252 865 319 915 fruor
330 866 434 929 semper:
442 866 493 915 veti
503 858 662 913 nitidissimus
672 880 756 913 annus.

201 944 290 999 ⁴Arbor
300 944 371 991 habet
382 938 478 991 frondes
488 976 496 1002 ,
507 941 595 1006 pabule
607 942 698 1006 semper
706 943 801 991 hunius.

178 1021 219 1072 13st
229 1025 289 1071 mihi
298 1019 413 1070 fecundus
423 1018 545 1070 dotalibus
555 1023 639 1069 hortus
647 1023 673 1069 in
684 1022 745 1085 agris
756 1038 763 1067 z
836 1043 838 1046 ·

211 1102 275 1149 Aura
287 1098 353 1149 fover
365 1116 373 1158 3
385 1096 483 1164 liquide
494 1098 562 1148 sonte
572 1100 662 1163 rigatur
673 1114 750 1163 nque.

79 1182 83 1191 “
180 1176 253 1227 Hunc
266 1194 334 1226 meus
344 1177 457 1243 implevit
465 1178 581 1241 generoso
592 1175 651 1226 flore
658 1180 773 1233 maritus3

213 1255 292 1319 Atque
303 1258 337 1305 ait
348 1289 356 1315 ,
371 1256 503 1303 Arbitrium
513 1271 556 1313 tu,
569 1254 640 1314 Dea,
651 1253 717 1303 floris
729 1256 800 1304 habe.

182 1332 247 1395 Saepe
258 1346 303 1396 ego
313 1329 416 1396 digestos
426 1331 494 1380 volui
505 1347 630 1379 numerare
642 1332 752 1391 colores,
872 1326 873 1331 ¹

215 1408 267 1457 Nec
279 1412 347 1473 potui
358 1428 364 1457 t
375 1425 475 1457 numero
486 1411 557 1473 copia
567 1412 646 1474 rnaJor
657 1424 715 1459 erat.

182 1484 287 1535 Roscida
297 1486 352 1535 cuim
362 1485 468 1552 primum
480 1485 546 1535 soliis
553 1483 648 1536 excussa
657 1489 742 1553 pruina
751 1488 801 1549 est,

216 1564 248 1614 Et
263 1567 333 1615 variae
343 1563 415 1615 radiis
425 1568 548 1630 intepuere
559 1581 635 1614 come
649 1583 657 1625 5

183 1642 339 1695 Conveniunt
348 1646 417 1709 pielis
424 1645 532 1692 incintlae
542 1642 645 1692 vestibus
656 1643 728 1695 Horae
738 1678 746 1705 ‚

215 1723 289 1789 inque
300 1722 363 1772 leues
372 1722 480 1772 calathos
489 1736 590 1769 munera
600 1720 679 1769 nostra
690 1722 782 1787 legunt.

182 1800 294 1850 Protinus
303 1802 420 1865 arripiunt
430 1798 558 1857 Charites,
569 1792 714 1865 nelluutque
726 1816 844 1861 coronas,

215 1880 328 1943 Sertaque
338 1878 443 1927 coelestes
457 1877 604 1941 implicitura
613 1893 703 1925 comas.
747 1908 750 1920 ,

184 1954 264 2005 Prima
275 1971 316 2019 per
326 1956 453 2003 immensas
463 1955 535 2017 sparti
546 1970 610 2003 nova
621 1951 712 2003 semini
726 1969 824 2020 genter:

217 2030 296 2079 unlus
307 2031 377 2079 tellus
388 2044 443 2080 onte
453 2031 541 2079 coloris
551 2045 611 2080 erat.

185 2110 266 2159 Prima
282 2110 431 2174 Therapnaeo
446 2108 493 2158 seci
505 2106 535 2157 de
544 2110 657 2173 sanguine
669 2107 769 2172 florem,

218 2188 250 2237 Et
258 2191 372 2237 manetin
381 2186 443 2237 solio
453 2189 539 2252 scripta
547 2186 643 2253 querela
654 2189 706 2237 suo.

186 2266 224 2317 Tu
236 2268 506 2333 quoquenornenhabes
517 2266 607 2330 cultor,
619 2263 737 2345 Narcislez
749 2268 883 2333 perhorres
893 2290 946 2337 :225

218 2344 319 2400 Infelix,
330 2342 395 2411 quod
405 2361 456 2393 non
466 2344 527 2395 alter
537 2348 562 2393 &
574 2344 634 2393 alter
645 2345 709 2393 eras!

185 2422 253 2484 Quid
264 2422 373 2484 Crocon,
385 2437 426 2472 aut
434 2422 627 2485 Artynreseram‚
637 2422 776 2488 Cinyrlque
784 2440 900 2485 creatum3

219 2502 258 2551 De
268 2519 371 2568 quorum
381 2518 422 2567 per
432 2517 471 2549 me
480 2500 578 2551 vulnere
589 2502 664 2565 surgit
674 2500 769 2553 honor?

186 2579 253 2631 Mars
260 2597 373 2645 qnoque,
383 2582 403 2629 ti
414 2580 489 2627 nescis
501 2612 509 2636 ,
521 2595 562 2643 per
570 2578 658 2627 nostras
669 2576 745 2627 editus
754 2593 813 2628 artes
826 2597 834 2639 ς
849 2593 852 2601 “

219 2659 326 2721 luppiter
337 2660 383 2705 hoc
395 2670 421 2704 ut
431 2652 508 2704 adhuc
519 2657 623 2715 nesciat,
635 2657 708 2720 usque
719 2671 811 2719 pretor.
904 2680 917 2712 2
922 2676 951 2725 3&

189 2735 272 2784 Sanun
282 2734 367 2783 lovem
379 2733 442 2783 luno
453 2763 462 2788 ,
476 2732 533 2783 nati
543 2735 594 2781 sine
604 2746 681 2781 matre
691 2733 819 2796 Minerva,

221 2809 310 2861 Officio
322 2808 402 2861 doluit
412 2826 462 2860 non
473 2807 560 2875 eguisse
570 2812 622 2859 suo.

187 2889 260 2947 lbet,
273 2904 300 2937 ut
311 2888 408 2937 Oceano
417 2874 552 2954 quereretur
564 2888 627 2938 furta
636 2891 735 2940 marlti=

181 2984 185 2990 ·
221 2966 316 3015 Restitit
326 2964 356 3015 ad
369 2964 458 3015 nostras
470 2962 528 3017 fessa
538 2965 619 3015 labore
630 2966 702 3016 sores.

159 3063 161 3066 ·
188 3046 268 3107 Quam
281 3045 352 3095 simul
364 3042 478 3111 adspexi3
493 3042 558 3107 Quid
573 3058 614 3109 te,
626 3048 752 3106 Saturnia,
765 3046 829 3111 dixi,
905 3062 949 3110 235

730 3128 783 3197 Fij
