<?xml version="1.0" encoding="UTF-8"?>
<!DOCTYPE html PUBLIC "-//W3C//DTD XHTML 1.0 Transitional//EN"
    "http://www.w3.org/TR/xhtml1/DTD/xhtml1-transitional.dtd">
<html xmlns="http://www.w3.org/1999/xhtml" xml:lang="en" lang="en">
 <head>
  <title>
</title>
<meta http-equiv="Content-Type" content="text/html;charset=utf-8" />
  <meta name='ocr-system' content='tesseract 3.04.00' />
  <meta name='ocr-capabilities' content='ocr_page ocr_carea ocr_par ocr_line ocrx_word'/>
</head>
<body>
  <div class='ocr_page' id='page_1' title='image "./povidiinasoniso02ovidgoog_0383.png"; bbox 0 0 2325 3959; ppageno 0'>
   <div class='ocr_carea' id='block_1_1' title="bbox 140 380 850 516">
    <p class='ocr_par' dir='ltr' id='par_1_1' title="bbox 140 380 850 516">
     <span class='ocr_line' id='line_1_1' title="bbox 140 380 850 516; baseline 0.004 -22"><span class='ocrx_word' id='word_1_1' title='bbox 140 380 850 516; x_wconf 36' lang='lat' dir='ltr'>dfffflffiu</span> 
     </span>
    </p>
   </div>
   <div class='ocr_carea' id='block_1_2' title="bbox 210 608 787 700">
    <p class='ocr_par' dir='ltr' id='par_1_2' title="bbox 210 608 787 700">
     <span class='ocr_line' id='line_1_2' title="bbox 210 608 787 700; baseline -0.016 0"><span class='ocrx_word' id='word_1_2' title='bbox 210 609 443 700; x_wconf 91' lang='lat' dir='ltr'>OVIDII</span> <span class='ocrx_word' id='word_1_3' title='bbox 480 608 787 697; x_wconf 85' lang='lat' dir='ltr'><strong>NASONIS</strong></span> 
     </span>
    </p>
   </div>
   <div class='ocr_carea' id='block_1_3' title="bbox 85 992 924 3158">
    <p class='ocr_par' dir='ltr' id='par_1_3' title="bbox 85 992 924 3158">
     <span class='ocr_line' id='line_1_3' title="bbox 140 992 858 1127; baseline -0.006 -17"><span class='ocrx_word' id='word_1_4' title='bbox 140 992 292 1111; x_wconf 58' lang='lat' dir='ltr'>Taurus</span> <span class='ocrx_word' id='word_1_5' title='bbox 300 1058 381 1111; x_wconf 84' lang='lat' dir='ltr'>adhoc</span> <span class='ocrx_word' id='word_1_6' title='bbox 391 1059 579 1127; x_wconf 85' lang='lat' dir='ltr'>‚lustrisjambis</span> <span class='ocrx_word' id='word_1_7' title='bbox 588 1062 648 1111; x_wconf 87' lang='lat' dir='ltr'>mihi</span> <span class='ocrx_word' id='word_1_8' title='bbox 654 1062 739 1127; x_wconf 79' lang='lat' dir='ltr'>quinq3</span> <span class='ocrx_word' id='word_1_9' title='bbox 747 1059 858 1124; x_wconf 73' lang='lat' dir='ltr'>peradis,</span> 
     </span>
     <span class='ocr_line' id='line_1_4' title="bbox 179 1127 782 1191; baseline 0.002 -3"><span class='ocrx_word' id='word_1_10' title='bbox 179 1140 259 1189; x_wconf 87' lang='lat' dir='ltr'>Omne</span> <span class='ocrx_word' id='word_1_11' title='bbox 270 1138 317 1187; x_wconf 88' lang='lat' dir='ltr'>fuit</span> <span class='ocrx_word' id='word_1_12' title='bbox 326 1127 508 1189; x_wconf 47' lang='lat' dir='ltr'>Musae‘carmen</span> <span class='ocrx_word' id='word_1_13' title='bbox 517 1144 608 1191; x_wconf 85' lang='lat' dir='ltr'>inerme</span> <span class='ocrx_word' id='word_1_14' title='bbox 618 1157 677 1189; x_wconf 82' lang='lat' dir='ltr'>meae</span> <span class='ocrx_word' id='word_1_15' title='bbox 689 1159 700 1189; x_wconf 77' lang='lat' dir='ltr'>r</span> <span class='ocrx_word' id='word_1_16' title='bbox 760 1160 764 1170; x_wconf 87' lang='lat'><em>·</em></span> <span class='ocrx_word' id='word_1_17' title='bbox 779 1178 782 1181; x_wconf 47' lang='lat'><strong>&gt;</strong></span> 
     </span>
     <span class='ocr_line' id='line_1_5' title="bbox 144 1217 819 1285; baseline -0.007 -16"><span class='ocrx_word' id='word_1_18' title='bbox 144 1218 288 1285; x_wconf 83' lang='lat' dir='ltr'>Nullaque,</span> <span class='ocrx_word' id='word_1_19' title='bbox 300 1235 352 1284; x_wconf 88' lang='lat' dir='ltr'>quae</span> <span class='ocrx_word' id='word_1_20' title='bbox 362 1220 451 1283; x_wconf 80' lang='lat' dir='ltr'><strong>possit,</strong></span> <span class='ocrx_word' id='word_1_21' title='bbox 463 1219 554 1283; x_wconf 86' lang='lat' dir='ltr'>scriptis</span> <span class='ocrx_word' id='word_1_22' title='bbox 568 1234 606 1269; x_wconf 83' lang='lat' dir='ltr'>tot</span> <span class='ocrx_word' id='word_1_23' title='bbox 616 1219 738 1278; x_wconf 85' lang='lat' dir='ltr'>millibus,</span> <span class='ocrx_word' id='word_1_24' title='bbox 747 1217 819 1267; x_wconf 82' lang='lat' dir='ltr'>exstat</span> 
     </span>
     <span class='ocr_line' id='line_1_6' title="bbox 181 1295 650 1361; baseline -0.002 -16"><span class='ocrx_word' id='word_1_25' title='bbox 181 1296 261 1345; x_wconf 87' lang='lat' dir='ltr'>Litera</span> <span class='ocrx_word' id='word_1_26' title='bbox 273 1295 390 1353; x_wconf 79' lang='lat' dir='ltr'><strong>Nasonis,</strong></span> <span class='ocrx_word' id='word_1_27' title='bbox 403 1296 584 1360; x_wconf 81' lang='lat' dir='ltr'>sanguinolenta</span> <span class='ocrx_word' id='word_1_28' title='bbox 594 1296 650 1361; x_wconf 81' lang='lat' dir='ltr'>legi.</span> 
     </span>
     <span class='ocr_line' id='line_1_7' title="bbox 145 1371 893 1439; baseline -0.011 -12"><span class='ocrx_word' id='word_1_29' title='bbox 145 1374 201 1427; x_wconf 82' lang='lat' dir='ltr'>Nec</span> <span class='ocrx_word' id='word_1_30' title='bbox 213 1390 359 1439; x_wconf 82' lang='lat' dir='ltr'><strong>quemquam</strong></span> <span class='ocrx_word' id='word_1_31' title='bbox 369 1373 459 1435; x_wconf 86' lang='lat' dir='ltr'>nostri,</span> <span class='ocrx_word' id='word_1_32' title='bbox 471 1376 587 1433; x_wconf 70' lang='lat' dir='ltr'>nistros,</span> <span class='ocrx_word' id='word_1_33' title='bbox 599 1374 678 1423; x_wconf 82' lang='lat' dir='ltr'>laesere</span> <span class='ocrx_word' id='word_1_34' title='bbox 689 1371 780 1428; x_wconf 70' lang='lat' dir='ltr'>tiberin</span> <span class='ocrx_word' id='word_1_35' title='bbox 883 1394 893 1437; x_wconf 80' lang='grc' dir='ltr'><strong>ς</strong></span> 
     </span>
     <span class='ocr_line' id='line_1_8' title="bbox 184 1450 644 1517; baseline -0.002 -16"><span class='ocrx_word' id='word_1_36' title='bbox 184 1450 287 1501; x_wconf 85' lang='lat' dir='ltr'>Artificis</span> <span class='ocrx_word' id='word_1_37' title='bbox 298 1454 369 1516; x_wconf 87' lang='lat' dir='ltr'>periit</span> <span class='ocrx_word' id='word_1_38' title='bbox 379 1451 434 1502; x_wconf 74' lang='lat' dir='ltr'>crim</span> <span class='ocrx_word' id='word_1_39' title='bbox 446 1468 517 1517; x_wconf 89' lang='lat' dir='ltr'>caput</span> <span class='ocrx_word' id='word_1_40' title='bbox 527 1454 584 1502; x_wconf 87' lang='lat' dir='ltr'>Arte</span> <span class='ocrx_word' id='word_1_41' title='bbox 593 1452 644 1501; x_wconf 74' lang='lat' dir='ltr'>sui.</span> 
     </span>
     <span class='ocr_line' id='line_1_9' title="bbox 146 1528 810 1595; baseline -0.006 -16"><span class='ocrx_word' id='word_1_42' title='bbox 146 1528 236 1588; x_wconf 86' lang='lat' dir='ltr'>Unus,</span> <span class='ocrx_word' id='word_1_43' title='bbox 249 1532 273 1577; x_wconf 74' lang='grc' dir='ltr'>δι</span> <span class='ocrx_word' id='word_1_44' title='bbox 286 1531 332 1579; x_wconf 82' lang='lat' dir='ltr'>hoc</span> <span class='ocrx_word' id='word_1_45' title='bbox 344 1528 421 1595; x_wconf 88' lang='lat' dir='ltr'>ipsum</span> <span class='ocrx_word' id='word_1_46' title='bbox 433 1530 465 1578; x_wconf 90' lang='lat' dir='ltr'>est</span> <span class='ocrx_word' id='word_1_47' title='bbox 475 1533 561 1595; x_wconf 84' lang='lat' dir='ltr'>injuria</span> <span class='ocrx_word' id='word_1_48' title='bbox 571 1544 671 1593; x_wconf 81' lang='lat' dir='ltr'>magna,</span> <span class='ocrx_word' id='word_1_49' title='bbox 682 1543 810 1593; x_wconf 82' lang='lat' dir='ltr'>perennem</span> 
     </span>
     <span class='ocr_line' id='line_1_10' title="bbox 184 1605 669 1661; baseline -0.006 -4"><span class='ocrx_word' id='word_1_50' title='bbox 184 1605 304 1657; x_wconf 85' lang='lat' dir='ltr'>Candoris</span> <span class='ocrx_word' id='word_1_51' title='bbox 316 1607 415 1655; x_wconf 83' lang='lat' dir='ltr'>titulum</span> <span class='ocrx_word' id='word_1_52' title='bbox 427 1624 477 1657; x_wconf 86' lang='lat' dir='ltr'>non</span> <span class='ocrx_word' id='word_1_53' title='bbox 488 1612 543 1659; x_wconf 89' lang='lat' dir='ltr'>sinit</span> <span class='ocrx_word' id='word_1_54' title='bbox 554 1606 601 1661; x_wconf 80' lang='lat' dir='ltr'>eise</span> <span class='ocrx_word' id='word_1_55' title='bbox 612 1607 669 1658; x_wconf 88' lang='lat' dir='ltr'>mei.</span> 
     </span>
     <span class='ocr_line' id='line_1_11' title="bbox 85 1668 924 1751; baseline -0.004 -18"><span class='ocrx_word' id='word_1_56' title='bbox 85 1668 93 1683; x_wconf 68' lang='lat'><em>⁰</em></span> <span class='ocrx_word' id='word_1_57' title='bbox 149 1686 267 1751; x_wconf 83' lang='lat' dir='ltr'><strong>Quisquis</strong></span> <span class='ocrx_word' id='word_1_58' title='bbox 278 1687 297 1734; x_wconf 89' lang='lat' dir='ltr'>is</span> <span class='ocrx_word' id='word_1_59' title='bbox 309 1686 356 1740; x_wconf 90' lang='lat' dir='ltr'>est,</span> <span class='ocrx_word' id='word_1_60' title='bbox 368 1702 424 1735; x_wconf 88' lang='lat' dir='ltr'>narn</span> <span class='ocrx_word' id='word_1_61' title='bbox 436 1702 525 1735; x_wconf 86' lang='lat' dir='ltr'>nomen</span> <span class='ocrx_word' id='word_1_62' title='bbox 539 1684 618 1737; x_wconf 83' lang='lat' dir='ltr'>adhuc</span> <span class='ocrx_word' id='word_1_63' title='bbox 629 1698 759 1750; x_wconf 76' lang='lat' dir='ltr'>utcumque</span> <span class='ocrx_word' id='word_1_64' title='bbox 773 1683 866 1736; x_wconf 81' lang='lat' dir='ltr'>tacebo.</span> <span class='ocrx_word' id='word_1_65' title='bbox 921 1741 924 1744; x_wconf 24' lang='lat'><strong><em>¹</em></strong></span> 
     </span>
     <span class='ocr_line' id='line_1_12' title="bbox 85 1759 917 1826; baseline -0.002 -11"><span class='ocrx_word' id='word_1_66' title='bbox 85 1810 88 1815; x_wconf 83' lang='lat'><strong>.</strong></span> <span class='ocrx_word' id='word_1_67' title='bbox 186 1759 660 1826; x_wconf 78' lang='lat' dir='ltr'>Cogitinaisuetas·sumeretelamanur.</span> <span class='ocrx_word' id='word_1_68' title='bbox 816 1808 819 1813; x_wconf 94' lang='lat'>.</span> <span class='ocrx_word' id='word_1_69' title='bbox 888 1782 917 1813; x_wconf 85' lang='lat' dir='ltr'>ro</span> 
     </span>
     <span class='ocr_line' id='line_1_13' title="bbox 151 1840 727 1907; baseline 0 -17"><span class='ocrx_word' id='word_1_70' title='bbox 151 1841 199 1890; x_wconf 82' lang='lat' dir='ltr'>lile</span> <span class='ocrx_word' id='word_1_71' title='bbox 210 1840 340 1905; x_wconf 81' lang='lat' dir='ltr'>relegatum</span> <span class='ocrx_word' id='word_1_72' title='bbox 351 1840 444 1905; x_wconf 85' lang='lat' dir='ltr'>gelidos</span> <span class='ocrx_word' id='word_1_73' title='bbox 455 1842 581 1907; x_wconf 83' lang='lat' dir='ltr'>Aquilonis</span> <span class='ocrx_word' id='word_1_74' title='bbox 593 1840 625 1891; x_wconf 84' lang='lat' dir='ltr'>ad</span> <span class='ocrx_word' id='word_1_75' title='bbox 634 1855 700 1892; x_wconf 85' lang='lat' dir='ltr'>ortus</span> <span class='ocrx_word' id='word_1_76' title='bbox 723 1875 727 1879; x_wconf 93' lang='lat'><em>-</em></span> 
     </span>
     <span class='ocr_line' id='line_1_14' title="bbox 188 1916 599 1968; baseline 0 -1"><span class='ocrx_word' id='word_1_77' title='bbox 188 1918 246 1967; x_wconf 91' lang='lat' dir='ltr'>Non</span> <span class='ocrx_word' id='word_1_78' title='bbox 256 1921 312 1967; x_wconf 86' lang='lat' dir='ltr'>sinit</span> <span class='ocrx_word' id='word_1_79' title='bbox 322 1918 405 1967; x_wconf 84' lang='lat' dir='ltr'>exsilio</span> <span class='ocrx_word' id='word_1_80' title='bbox 417 1916 536 1968; x_wconf 66' lang='lat' dir='ltr'>delituisse</span> <span class='ocrx_word' id='word_1_81' title='bbox 547 1922 599 1967; x_wconf 84' lang='lat' dir='ltr'>suo.</span> 
     </span>
     <span class='ocr_line' id='line_1_15' title="bbox 155 1995 770 2063; baseline -0.002 -17"><span class='ocrx_word' id='word_1_82' title='bbox 155 1995 310 2061; x_wconf 75' lang='lat' dir='ltr'>Vulneraque</span> <span class='ocrx_word' id='word_1_83' title='bbox 321 1998 421 2047; x_wconf 82' lang='lat' dir='ltr'>immitis</span> <span class='ocrx_word' id='word_1_84' title='bbox 432 1999 538 2061; x_wconf 83' lang='lat' dir='ltr'>requiem</span> <span class='ocrx_word' id='word_1_85' title='bbox 549 1999 678 2063; x_wconf 71' lang='lat' dir='ltr'>quarentia</span> <span class='ocrx_word' id='word_1_86' title='bbox 685 2010 770 2050; x_wconf 74' lang='lat' dir='ltr'>vexate</span> 
     </span>
     <span class='ocr_line' id='line_1_16' title="bbox 190 2074 664 2130; baseline -0.002 -8"><span class='ocrx_word' id='word_1_87' title='bbox 190 2074 265 2123; x_wconf 71' lang='lat' dir='ltr'>lauat</span> <span class='ocrx_word' id='word_1_88' title='bbox 275 2078 299 2123; x_wconf 77' lang='grc' dir='ltr'>δι</span> <span class='ocrx_word' id='word_1_89' title='bbox 312 2076 337 2121; x_wconf 89' lang='lat' dir='ltr'>in</span> <span class='ocrx_word' id='word_1_90' title='bbox 349 2078 402 2123; x_wconf 82' lang='lat' dir='ltr'>tot&#39;o</span> <span class='ocrx_word' id='word_1_91' title='bbox 413 2075 484 2130; x_wconf 81' lang='lat' dir='ltr'>uerba</span> <span class='ocrx_word' id='word_1_92' title='bbox 494 2078 579 2125; x_wconf 83' lang='lat' dir='ltr'>canina</span> <span class='ocrx_word' id='word_1_93' title='bbox 591 2075 645 2124; x_wconf 85' lang='lat' dir='ltr'>foro</span> <span class='ocrx_word' id='word_1_94' title='bbox 657 2094 664 2121; x_wconf 75' lang='grc' dir='ltr'><em>ι</em></span> 
     </span>
     <span class='ocr_line' id='line_1_17' title="bbox 156 2152 901 2219; baseline 0.003 -16"><span class='ocrx_word' id='word_1_95' title='bbox 156 2152 323 2219; x_wconf 79' lang='lat' dir='ltr'>Perpetuoque</span> <span class='ocrx_word' id='word_1_96' title='bbox 333 2156 393 2203; x_wconf 89' lang='lat' dir='ltr'>mihi</span> <span class='ocrx_word' id='word_1_97' title='bbox 404 2155 517 2202; x_wconf 81' lang='lat' dir='ltr'>sociatam</span> <span class='ocrx_word' id='word_1_98' title='bbox 530 2152 620 2203; x_wconf 84' lang='lat' dir='ltr'>foedere</span> <span class='ocrx_word' id='word_1_99' title='bbox 630 2152 684 2203; x_wconf 78' lang='lat' dir='ltr'>leui</span> <span class='ocrx_word' id='word_1_100' title='bbox 875 2162 901 2205; x_wconf 88' lang='lat'>¹5</span> 
     </span>
     <span class='ocr_line' id='line_1_18' title="bbox 193 2230 666 2296; baseline -0.002 -16"><span class='ocrx_word' id='word_1_101' title='bbox 193 2230 250 2280; x_wconf 90' lang='lat' dir='ltr'>Non</span> <span class='ocrx_word' id='word_1_102' title='bbox 261 2234 350 2296; x_wconf 89' lang='lat' dir='ltr'>patitur</span> <span class='ocrx_word' id='word_1_103' title='bbox 361 2232 440 2282; x_wconf 86' lang='lat' dir='ltr'>miseri</span> <span class='ocrx_word' id='word_1_104' title='bbox 452 2230 533 2281; x_wconf 87' lang='lat' dir='ltr'>funera</span> <span class='ocrx_word' id='word_1_105' title='bbox 544 2230 600 2280; x_wconf 88' lang='lat' dir='ltr'>flere</span> <span class='ocrx_word' id='word_1_106' title='bbox 611 2234 666 2280; x_wconf 85' lang='lat' dir='ltr'>viri.</span> 
     </span>
     <span class='ocr_line' id='line_1_19' title="bbox 159 2306 873 2379; baseline -0.004 -18"><span class='ocrx_word' id='word_1_107' title='bbox 159 2307 272 2374; x_wconf 81' lang='lat' dir='ltr'>Crimque</span> <span class='ocrx_word' id='word_1_108' title='bbox 282 2326 328 2373; x_wconf 80' lang='lat' dir='ltr'>ego</span> <span class='ocrx_word' id='word_1_109' title='bbox 339 2306 420 2376; x_wconf 83' lang='lat' dir='ltr'>quaisa</span> <span class='ocrx_word' id='word_1_110' title='bbox 430 2326 488 2359; x_wconf 79' lang='lat' dir='ltr'>meae</span> <span class='ocrx_word' id='word_1_111' title='bbox 498 2310 644 2379; x_wconf 70' lang='lat' dir='ltr'>completiar</span> <span class='ocrx_word' id='word_1_112' title='bbox 654 2309 761 2367; x_wconf 78' lang='lat' dir='ltr'>membra</span> <span class='ocrx_word' id='word_1_113' title='bbox 771 2312 873 2368; x_wconf 69' lang='lat' dir='ltr'>catina,</span> 
     </span>
     <span class='ocr_line' id='line_1_20' title="bbox 193 2386 686 2454; baseline 0.004 -19"><span class='ocrx_word' id='word_1_114' title='bbox 193 2386 320 2451; x_wconf 83' lang='lat' dir='ltr'>Naufragii</span> <span class='ocrx_word' id='word_1_115' title='bbox 332 2387 422 2437; x_wconf 87' lang='lat' dir='ltr'>tabulas</span> <span class='ocrx_word' id='word_1_116' title='bbox 432 2404 522 2454; x_wconf 78' lang='lat' dir='ltr'>pugnat</span> <span class='ocrx_word' id='word_1_117' title='bbox 533 2390 618 2437; x_wconf 87' lang='lat' dir='ltr'>habere</span> <span class='ocrx_word' id='word_1_118' title='bbox 629 2393 686 2443; x_wconf 84' lang='lat' dir='ltr'>mei.</span> 
     </span>
     <span class='ocr_line' id='line_1_21' title="bbox 161 2463 756 2533; baseline 0.007 -20"><span class='ocrx_word' id='word_1_119' title='bbox 161 2464 193 2513; x_wconf 82' lang='lat' dir='ltr'>Et</span> <span class='ocrx_word' id='word_1_120' title='bbox 203 2467 244 2533; x_wconf 88' lang='lat' dir='ltr'>qui</span> <span class='ocrx_word' id='word_1_121' title='bbox 254 2463 366 2515; x_wconf 82' lang='lat' dir='ltr'>debuerat</span> <span class='ocrx_word' id='word_1_122' title='bbox 376 2468 464 2517; x_wconf 82' lang='lat' dir='ltr'>subitas</span> <span class='ocrx_word' id='word_1_123' title='bbox 475 2468 619 2532; x_wconf 84' lang='lat' dir='ltr'>exstinguere</span> <span class='ocrx_word' id='word_1_124' title='bbox 630 2468 756 2527; x_wconf 79' lang='lat' dir='ltr'>flammas,</span> 
     </span>
     <span class='ocr_line' id='line_1_22' title="bbox 184 2536 909 2609; baseline 0.007 -18"><span class='ocrx_word' id='word_1_125' title='bbox 184 2543 217 2599; x_wconf 67' lang='lat' dir='ltr'>,Is</span> <span class='ocrx_word' id='word_1_126' title='bbox 227 2542 331 2607; x_wconf 78' lang='lat' dir='ltr'>praedam</span> <span class='ocrx_word' id='word_1_127' title='bbox 343 2542 424 2593; x_wconf 89' lang='lat' dir='ltr'>medio</span> <span class='ocrx_word' id='word_1_128' title='bbox 436 2560 516 2608; x_wconf 83' lang='lat' dir='ltr'>raptor</span> <span class='ocrx_word' id='word_1_129' title='bbox 526 2546 555 2593; x_wconf 88' lang='lat' dir='ltr'>ab</span> <span class='ocrx_word' id='word_1_130' title='bbox 565 2548 620 2609; x_wconf 82' lang='lat' dir='ltr'>igue</span> <span class='ocrx_word' id='word_1_131' title='bbox 632 2550 700 2609; x_wconf 89' lang='lat' dir='ltr'>petit.</span> <span class='ocrx_word' id='word_1_132' title='bbox 728 2536 731 2545; x_wconf 57' lang='lat'>¹</span> <span class='ocrx_word' id='word_1_133' title='bbox 878 2571 909 2608; x_wconf 74' lang='lat'>20</span> 
     </span>
     <span class='ocr_line' id='line_1_23' title="bbox 161 2619 726 2685; baseline 0.005 -14"><span class='ocrx_word' id='word_1_134' title='bbox 161 2620 255 2671; x_wconf 86' lang='lat' dir='ltr'>Nititur</span> <span class='ocrx_word' id='word_1_135' title='bbox 268 2636 294 2671; x_wconf 83' lang='lat' dir='ltr'>ut</span> <span class='ocrx_word' id='word_1_136' title='bbox 305 2620 411 2685; x_wconf 78' lang='lat' dir='ltr'>profuga:</span> <span class='ocrx_word' id='word_1_137' title='bbox 423 2619 500 2670; x_wconf 83' lang='lat' dir='ltr'>desint</span> <span class='ocrx_word' id='word_1_138' title='bbox 508 2621 622 2670; x_wconf 87' lang='lat' dir='ltr'>alimenta</span> <span class='ocrx_word' id='word_1_139' title='bbox 632 2625 726 2674; x_wconf 69' lang='lat' dir='ltr'>seneda</span> 
     </span>
     <span class='ocr_line' id='line_1_24' title="bbox 197 2698 730 2765; baseline 0.013 -20"><span class='ocrx_word' id='word_1_140' title='bbox 197 2698 266 2747; x_wconf 84' lang='lat' dir='ltr'>Heu!</span> <span class='ocrx_word' id='word_1_141' title='bbox 279 2714 370 2764; x_wconf 89' lang='lat' dir='ltr'>quanto</span> <span class='ocrx_word' id='word_1_142' title='bbox 385 2700 468 2753; x_wconf 84' lang='lat' dir='ltr'>nostris</span> <span class='ocrx_word' id='word_1_143' title='bbox 480 2698 575 2763; x_wconf 79' lang='lat' dir='ltr'>dignior</span> <span class='ocrx_word' id='word_1_144' title='bbox 586 2702 635 2765; x_wconf 84' lang='lat' dir='ltr'>ipse</span> <span class='ocrx_word' id='word_1_145' title='bbox 645 2702 730 2751; x_wconf 82' lang='lat' dir='ltr'>malis!</span> 
     </span>
     <span class='ocr_line' id='line_1_25' title="bbox 163 2774 775 2843; baseline 0.002 -17"><span class='ocrx_word' id='word_1_146' title='bbox 163 2774 198 2826; x_wconf 85' lang='lat' dir='ltr'>Di</span> <span class='ocrx_word' id='word_1_147' title='bbox 210 2776 307 2825; x_wconf 85' lang='lat' dir='ltr'>melius!</span> <span class='ocrx_word' id='word_1_148' title='bbox 321 2794 424 2841; x_wconf 81' lang='lat' dir='ltr'>quorum</span> <span class='ocrx_word' id='word_1_149' title='bbox 435 2775 506 2843; x_wconf 65' lang='lat' dir='ltr'>longi</span> <span class='ocrx_word' id='word_1_150' title='bbox 517 2780 576 2827; x_wconf 88' lang='lat' dir='ltr'>mihi</span> <span class='ocrx_word' id='word_1_151' title='bbox 588 2781 705 2827; x_wconf 82' lang='lat' dir='ltr'>maximus</span> <span class='ocrx_word' id='word_1_152' title='bbox 716 2778 775 2839; x_wconf 90' lang='lat' dir='ltr'>ille,</span> 
     </span>
     <span class='ocr_line' id='line_1_26' title="bbox 200 2850 745 2916; baseline 0.011 -18"><span class='ocrx_word' id='word_1_153' title='bbox 200 2853 247 2911; x_wconf 84' lang='lat' dir='ltr'>Qui</span> <span class='ocrx_word' id='word_1_154' title='bbox 261 2852 348 2899; x_wconf 80' lang='lat' dir='ltr'>nostras</span> <span class='ocrx_word' id='word_1_155' title='bbox 359 2854 440 2916; x_wconf 85' lang='lat' dir='ltr'>inopes</span> <span class='ocrx_word' id='word_1_156' title='bbox 453 2854 532 2903; x_wconf 85' lang='lat' dir='ltr'>uoluit</span> <span class='ocrx_word' id='word_1_157' title='bbox 541 2850 587 2903; x_wconf 86' lang='lat' dir='ltr'>esse</span> <span class='ocrx_word' id='word_1_158' title='bbox 597 2857 657 2904; x_wconf 86' lang='lat' dir='ltr'>vias.</span> <span class='ocrx_word' id='word_1_159' title='bbox 742 2891 745 2894; x_wconf 93' lang='lat'>-</span> 
     </span>
     <span class='ocr_line' id='line_1_27' title="bbox 167 2928 782 2999; baseline 0.011 -25"><span class='ocrx_word' id='word_1_160' title='bbox 167 2928 230 2979; x_wconf 86' lang='lat' dir='ltr'>Huic</span> <span class='ocrx_word' id='word_1_161' title='bbox 239 2931 311 2990; x_wconf 82' lang='lat' dir='ltr'>igitur</span> <span class='ocrx_word' id='word_1_162' title='bbox 322 2931 415 2979; x_wconf 82' lang='lat' dir='ltr'>meritas</span> <span class='ocrx_word' id='word_1_163' title='bbox 426 2947 517 2995; x_wconf 78' lang='lat' dir='ltr'>grates,</span> <span class='ocrx_word' id='word_1_164' title='bbox 530 2934 674 2999; x_wconf 82' lang='lat' dir='ltr'>ubicumque</span> <span class='ocrx_word' id='word_1_165' title='bbox 685 2933 782 2993; x_wconf 87' lang='lat' dir='ltr'>licebit,</span> 
     </span>
     <span class='ocr_line' id='line_1_28' title="bbox 203 3004 739 3074; baseline 0.019 -25"><span class='ocrx_word' id='word_1_166' title='bbox 203 3004 249 3050; x_wconf 91' lang='lat' dir='ltr'>Pro</span> <span class='ocrx_word' id='word_1_167' title='bbox 261 3018 311 3051; x_wconf 86' lang='lat' dir='ltr'>tam</span> <span class='ocrx_word' id='word_1_168' title='bbox 322 3006 445 3053; x_wconf 87' lang='lat' dir='ltr'>mansueto</span> <span class='ocrx_word' id='word_1_169' title='bbox 456 3010 548 3071; x_wconf 74' lang='lat' dir='ltr'>pestere</span> <span class='ocrx_word' id='word_1_170' title='bbox 560 3011 650 3073; x_wconf 86' lang='lat' dir='ltr'>semper</span> <span class='ocrx_word' id='word_1_171' title='bbox 661 3028 739 3074; x_wconf 85' lang='lat' dir='ltr'>agam.</span> 
     </span>
     <span class='ocr_line' id='line_1_29' title="bbox 168 3077 825 3158; baseline 0.008 -25"><span class='ocrx_word' id='word_1_172' title='bbox 168 3077 256 3133; x_wconf 84' lang='lat' dir='ltr'>Audiet</span> <span class='ocrx_word' id='word_1_173' title='bbox 267 3082 317 3154; x_wconf 65' lang='lat' dir='ltr'>hac</span> <span class='ocrx_word' id='word_1_174' title='bbox 328 3082 417 3138; x_wconf 78' lang='lat' dir='ltr'>Pontus</span> <span class='ocrx_word' id='word_1_175' title='bbox 429 3100 435 3131; x_wconf 74' lang='grc' dir='ltr'><strong><em>ι</em></strong></span> <span class='ocrx_word' id='word_1_176' title='bbox 448 3083 520 3139; x_wconf 85' lang='lat' dir='ltr'>faciat</span> <span class='ocrx_word' id='word_1_177' title='bbox 530 3102 626 3158; x_wconf 80' lang='lat' dir='ltr'>quoque</span> <span class='ocrx_word' id='word_1_178' title='bbox 638 3088 825 3146; x_wconf 69' lang='lat' dir='ltr'>forsitauidcnr⁸</span> 
     </span>
    </p>
   </div>
   <div class='ocr_carea' id='block_1_4' title="bbox 883 2978 911 3023">
    <p class='ocr_par' dir='ltr' id='par_1_4' title="bbox 883 2978 911 3023">
     <span class='ocr_line' id='line_1_30' title="bbox 883 2978 911 3023; baseline 0 0"><span class='ocrx_word' id='word_1_179' title='bbox 883 2978 911 3023; x_wconf 76' lang='lat'>25</span> 
     </span>
    </p>
   </div>
   <div class='ocr_carea' id='block_1_5' title="bbox 0 0 1208 3959">
    <p class='ocr_par' dir='ltr' id='par_1_5' title="bbox 0 0 1208 3959">
     <span class='ocr_line' id='line_1_31' title="bbox 0 0 1208 3959; baseline 0 0"><span class='ocrx_word' id='word_1_180' title='bbox 0 0 1208 3959; x_wconf 95' lang='lat' dir='ltr'> </span> 
     </span>
    </p>
   </div>
  </div>
 </body>
</html>
