2325 3959
301 408 603 477 FAsronurr
625 406 797 477 Lrn.IV.
862 428 923 495 ¹05

249 524 366 579 Carmina
380 529 478 579 mortali
492 545 542 579 non
558 528 682 579 referenda
693 518 763 579 sono.

213 600 290 671 Inque
300 606 358 656 foco
368 642 377 662 ,
388 609 455 672 pueri
465 622 550 671 corpus
562 608 658 655 vivente
674 605 758 657 favilla

248 685 352 743 Obruit,
366 687 498 733 humanum
513 698 598 749 purger
609 699 635 733 ut
644 687 705 749 ignis
714 700 783 733 onus.

216 759 343 809 Excutimr
355 764 441 810 somno
457 758 525 809 stulte
537 764 576 825 pia
586 775 676 809 mater:
687 764 711 810 bc
722 776 820 821 amens,
930 770 975 823 555

216 883 218 886 .
252 836 318 898 Quid
330 838 404 891 facis?
417 838 545 888 exclamat:
555 838 710 904 membraque
723 838 815 903 abigite
826 839 896 903 rapit.

217 911 268 965 Cui
283 914 351 976 Dea,
370 916 440 965 Dum*
453 932 503 965 non
517 933 562 976 es,
581 913 660 977 dixit,
674 916 785 967 scelerate
793 950 802 977 ,
815 914 896 975 fuisti,

248 992 317 1043 Irrita
328 1010 436 1043 materno
444 995 500 1055 *sunt
510 1011 565 1043 mea
575 992 640 1044 dona
648 1009 723 1062 metu.

216 1070 261 1121 Ille
270 1070 368 1139 quidem
378 1072 486 1122 mortalis
497 1076 559 1123 erit:
573 1071 614 1122 sed
625 1076 716 1137 primur
723 1074 798 1123 arabit
808 1106 819 1133 ,

248 1150 279 1199 Et
292 1150 352 1201 feret
363 1146 412 1211 3'&
426 1150 491 1201 culti
503 1154 602 1216 pramia
616 1150 686 1221 tollet
698 1153 773 1200 humo
932 1150 978 1201 5⁶⁰

215 1226 302 1277 Dixit:
313 1228 469 1294 &egrediens
478 1229 569 1294 nubem
578 1230 651 1278 trabit
662 1263 670 1289 ,
681 1231 753 1294 inque
765 1226 881 1281 dracones

248 1307 362 1367 Transit,
376 1310 402 1355 bc
417 1307 506 1371 aligero
522 1306 616 1355 tollitur
627 1323 668 1355 axe
681 1306 763 1357 Ceres.

214 1384 307 1433 Sunion
322 1386 471 1449 expositum,
485 1384 606 1447 Piraaque
619 1397 671 1432 tura
682 1380 770 1437 reeeffu
803 1398 808 1404 ·

249 1460 349 1527 Linquit
360 1494 368 1520 ‚
388 1464 412 1509 δι
421 1462 448 1509 in
458 1458 569 1510 dextrum
577 1476 631 1525 quae
638 1464 700 1525 jacet
710 1476 752 1509 ora
763 1459 832 1509 latus.

178 1597 180 1600 Ι
216 1535 281 1586 Hine
293 1539 340 1587 init
349 1535 458 1602 AEgaeurn
471 1554 539 1604 ,quo
550 1535 670 1600 Cycladas
681 1539 764 1603 aspicit
772 1554 871 1596 omnes,
931 1545 975 1599 565

205 1675 209 1680 ι,
249 1616 485 1682 Ioniumquerapax,
503 1617 653 1681 Icariumque
661 1616 728 1682 legit.

209 1686 306 1757 ¹l’erque
316 1692 384 1741 urbes
399 1693 460 1741 Asiae
470 1692 571 1758 longum
584 1695 644 1757 petit
655 1691 839 1759 Hellespontum
851 1708 862 1752 3

246 1769 420 1838 Diversumque
430 1771 489 1821 locis
502 1772 550 1823 alta
560 1786 665 1837 pererrat
674 1776 734 1823 iter.¹

214 1845 280 1897 Nam
290 1847 366 1899 modb
375 1848 489 1914 turilegos
497 1850 584 1899 Arabas
597 1885 606 1910 ‚
616 1849 693 1901 modb
703 1850 803 1916 despicit
813 1849 904 1911 Indor5

242 1925 312 1975 'Hinc
326 1927 415 1988 Libys,
432 1929 487 1975 hinc
499 1928 604 1987 Meroe',
621 1932 728 1994 siccaque
740 1945 801 1979 terra
809 1928 893 1979 subest.
930 1941 978 1988 570

215 2003 288 2054 Nunc
298 2001 348 2052 adit
359 2004 494 2068 Hesperios,
503 2006 625 2066 Rhenum,
633 2004 928 2072 Rhodanumq3l²adumq3
1014 2031 1017 2037 ·

249 2080 332 2145 Teque
344 2080 423 2129 future
435 2075 518 2145 parensv
525 2114 534 2139 ,
545 2082 634 2142 Tibri,
651 2086 755 2147 potentis
770 2099 846 2148 aque.

216 2158 274 2221 Quo
286 2159 365 2209 feroti
375 2161 521 2209 immensum
533 2159 660 2212 esterratar
671 2159 748 2211 dicere
760 2176 849 2229 terrasq

245 2238 381 2307 Preterirus
390 2236 472 2287 Cereri
482 2236 562 2286 nullus
572 2240 598 2287 in
608 2240 666 2290 orbe
678 2238 754 2289 locus.

214 2314 285 2365 Errat
300 2318 325 2365 δι
340 2318 366 2363 in
377 2313 597 2381 coelozliquidique
606 2319 723 2367 immunia
733 2320 803 2383 ponti
931 2335 975 2385 575

245 2393 384 2461 Alloquitur
394 2392 475 2459 gelido
485 2397 594 2459 proxima
605 2397 673 2459 rigna
681 2395 750 2461 polo.¹

213 2472 363 2523 Parrharides
373 2472 446 2523 stellae
458 2508 466 2533 ,
483 2488 588 2539 namque
600 2476 682 2523 omnia
700 2471 766 2523 noll'e
778 2473 874 2541 potestis
884 2494 900 2534 ‚¹

248 2550 379 2616 Equoreas
389 2568 521 2617 numquam
532 2550 587 2601 culm
600 2553 701 2602 subeatis
711 2568 798 2619 aquas,

213 2627 380 2694 Persephonen
389 2634 479 2680 miserae
491 2647 572 2681 natam
583 2632 711 2683 monstrate
722 2635 823 2698 parenti.

246 2704 346 2755 Dixerat
357 2725 363 2755 r
375 2709 430 2757 huic
442 2708 524 2757 Helice
535 2708 592 2758 talia
602 2710 764 2761 verbarefert.
929 2693 977 2755 5⁸⁰
1054 2697 1058 2702 ’

214 2782 326 2835 Crimine
342 2800 391 2833 nox
401 2801 475 2835 vacua
485 2787 526 2836 est.
539 2784 620 2836 Solem
629 2785 659 2836 de
668 2790 760 2853 virgine
770 2787 838 2855 rapti

247 2860 374 2921 Consule,
386 2864 428 2928 qui
441 2861 487 2912 latd
499 2863 561 2915 faria
572 2862 658 2914 diurna
668 2863 743 2916 videt.

214 2938 255 2990 Sol
273 2937 369 2998 aditus,
384 2939 464 2999 Quam
474 2943 571 3007 quaeris,
580 2944 629 3000 air,
641 2959 739 2993 nerana
749 2943 841 2999 labores
852 2978 861 3005 ,
897 2964 900 2971 ⁴

248 3016 331 3083 Nupta
340 3016 404 3067 lovis
415 3016 482 3067 fratri
494 3022 562 3068 tertia
573 3035 645 3085 regna
656 3034 720 3071 tenet
811 3026 818 3043 '

214 3094 301 3159 Questa
314 3093 530 3149 diusecumricest
539 3096 613 3149 affata
625 3099 778 3158 Tonantem
928 3076 977 3145 5⁸5

748 3181 770 3233 E
790 3198 809 3234 v
