2325 3959
267 382 335 463 316
414 368 856 456 P.'Orru11NAsurrrs

262 496 366 560 Adjuvat
375 496 401 544 iu
410 492 475 544 duris
486 494 545 544 alios
556 494 678 560 presentia
687 494 756 546 rebus
768 510 775 542 ε

294 576 381 622 Obruit
392 576 439 623 hec
449 574 530 623 absens
540 573 604 622 vassa
613 570 719 637 procella
729 583 809 635 caput.

214 658 225 705 5
232 661 240 704 5
261 638 319 711 ‘Quae
330 668 380 701 non
389 653 524 700 horruerint
535 654 631 699 tacitam
643 664 740 715 quoque
752 646 945 698 Caesaricirern!

293 727 381 778 Addita
391 730 445 777 sunt
455 731 531 793 poenis
541 730 621 793 aspera
630 727 702 779 verba
714 728 782 775 meis.

259 807 298 855 Fit
313 807 370 873 suga
386 808 532 870 temporibus
546 806 622 854 levior
637 820 643 853 ι
657 807 772 869 projesius
785 805 811 851 in
823 816 907 867 aequor
970 838 973 845 .

292 884 416 930 Arsiurum
427 882 487 929 subii
496 878 668 944 Pleiadumque
679 882 763 927 minas.

258 962 322 1023 Saepe
334 959 412 1007 solent
421 961 525 1006 hiemem
536 955 657 1021 placidam
668 958 752 1005 sentire
762 959 846 1006 carine
858 973 865 1005 e

210 1032 241 1069 θ’)
292 1036 347 1084 Non
358 1036 444 1085 Ithaca
456 1037 529 1099 puppi
543 1036 626 1083 saevior
637 1033 702 1083 uude
716 1034 769 1083 suit.

257 1114 329 1162 Retia
341 1111 400 1161 fides
410 1114 528 1162 comitum
540 1126 634 1177 poterat
645 1111 708 1159 mala
719 1112 797 1160 nostra
808 1109 902 1161 levare:

289 1190 372 1238 Ditata
383 1190 416 1238 est
425 1189 507 1253 spoliis
517 1186 608 1254 perfida
619 1190 688 1237 turba
699 1191 768 1237 meis.

256 1268 342 1318 Mitius
358 1267 468 1317 exsilium
487 1266 578 1315 faciunt
592 1266 647 1315 loca
659 1285 665 1313 :
679 1267 766 1315 tristior
781 1266 823 1317 isis

288 1346 362 1395 Terra
372 1346 415 1394 sub
426 1346 542 1393 ambobffi
551 1359 602 1393 non
612 1348 673 1407 jacet
685 1332 735 1391 u‘lla
748 1345 817 1408 polis.

207 1416 235 1469 ⁶5
256 1423 295 1471 Est
306 1420 397 1487 aliquid
408 1425 490 1487 patriis
504 1423 611 1470 vicinum
629 1419 716 1468 finibus
731 1419 798 1470 esser

287 1499 381 1547 Ultima
401 1516 441 1547 me
460 1498 551 1558 tellus,
570 1496 670 1547 ultimus
684 1499 748 1546 orbis
765 1500 845 1547 habet.

255 1576 349 1624 Praestar
360 1581 384 1625 &
396 1576 514 1624 exsulibus
525 1590 608 1640 pacem
621 1590 661 1623 tua
671 1573 766 1634 laurea,
779 1575 857 1626 Caesar
872 1596 903 1645 εἰ

286 1654 386 1701 Pontica
396 1652 501 1701 finitimo
513 1667 574 1700 terra
585 1654 626 1700 sub
637 1652 701 1701 hoste
709 1656 780 1717 jacet.

255 1732 360 1794 Tempur
370 1734 396 1779 in
406 1746 518 1794 agrorum
528 1730 595 1778 cultu
605 1732 743 1779 consumere
755 1728 823 1779 dulce
835 1732 867 1781 est
879 1751 889 1781 r

206 1822 237 1863 70
287 1806 344 1855 Non
362 1810 451 1871 patitur
467 1810 528 1858 verti
543 1807 654 1856 babarus
669 1808 742 1856 hostis
757 1810 867 1857 humum.

254 1887 380 1950 Ternperie
397 1885 454 1936 coeli
471 1900 604 1949 corpusque
617 1888 756 1950 animusque
771 1890 903 1951 juveutute

285 1964 382 2027 Frigore
394 1976 509 2028 perpetuo
520 1964 632 2013 Sarmatis
645 1978 689 2011 ura
701 1965 771 2027 riget.

252 2039 292 2088 Est
302 2044 326 2087 iri
337 2056 398 2105 aqua
408 2037 474 2088 dulci
484 2056 535 2088 non
544 2036 662 2089 invidiosa
673 2039 784 2104 voluptas
795 2058 803 2088 e

285 2119 312 2165 rs
317 2134 408 2183 quoreo
418 2118 507 2167 bibitur
517 2134 573 2166 cum
585 2117 632 2165 sale
642 2120 718 2165 mixta
728 2118 804 2182 palus.

205 2207 233 2252 75
255 2196 344 2243 Omnia
353 2194 468 2244 deficiunt
479 2214 486 2242 r
498 2197 591 2243 animus
602 2209 681 2243 tamen
692 2199 774 2244 omnia
784 2198 869 2247 vineit.

286 2273 329 2321 iile
340 2275 412 2324 etiam
422 2275 483 2321 vires
495 2288 581 2335 corpus
593 2272 677 2319 habere
689 2271 756 2321 satit.

253 2350 368 2399 Sustineat
383 2365 409 2398 ut
426 2364 506 2408 unus,
524 2346 651 2401 nitendum
669 2353 758 2399 vertice
774 2350 846 2416 pleno
864 2353 920 2413 rst3

286 2431 317 2475 At
335 2426 395 2475 fleur
410 2441 495 2474 nerror
511 2428 530 2473 si
543 2429 647 2489 patiare,
660 2426 737 2477 cadet.

254 2508 309 2571 Spes
326 2519 438 2569 quoque,
454 2499 519 2567 posse
533 2504 604 2553 morse
619 2506 741 2553 mitescere
756 2506 870 2572 Principis
880 2511 943 2559 iram
960 2545 971 2571 ,

205 2578 237 2624 8³
272 2573 275 2578 ’
286 2581 371 2629 Vivere
382 2595 412 2627 ue
423 2577 514 2633 nolim.
526 2576 685 2645 deiciamque
701 2598 778 2631 cavet.

255 2656 305 2705 Nec
316 2671 359 2703 vos
368 2669 440 2717 parva
452 2652 514 2703 datis
527 2657 596 2717 pauci
606 2655 690 2704 solatia
701 2657 789 2717 nobis,

288 2734 397 2794 Quorum
412 2732 513 2795 sp'esiata
526 2731 559 2778 est
574 2747 615 2795 per
631 2732 694 2782 mala
709 2735 788 2783 nostra
804 2734 872 2787 fides.

255 2812 344 2874 Coepta
355 2825 422 2869 tene,
432 2810 526 2874 quaes03
536 2824 580 2857 nec
592 2813 618 2858 iu
632 2826 727 2875 aequore
740 2810 819 2862 desere
828 2830 914 2865 navem
927 2834 936 2869 e

287 2890 377 2960 Meque
394 2887 465 2938 simul
478 2888 559 2950 serva,
569 2885 733 2954 judiciumque
745 2903 821 2940 tuum.

1070 2944 1072 3055 i
