2325 3959
277 352 344 435 348
408 349 450 417 P.
477 352 637 418 Ovrorr
664 355 864 419 NArours

272 467 307 516 Ut
328 471 387 517 mihi
407 473 504 520 conanti
521 488 571 521 non
590 489 721 539 numquam
739 471 865 522 intendere
879 487 979 530 curas,

227 549 256 595 ὅθ
305 546 415 597 Fortunae
433 550 520 613 species
538 551 615 600 obstat
629 552 712 600 acerba
728 568 795 600 meae.

275 623 368 689 Vixque
382 628 442 675 mihi
455 626 555 688 videor,
578 629 665 677 faciam
680 628 746 694 quod
762 631 892 686 carmina,
909 628 1006 675 sanus:

308 700 383 765 Inque
400 696 461 762 feris.
470 719 550 752 curem
566 706 684 768 corrigere
699 703 742 752 illa
755 704 838 753 Getis?

274 774 317 824 Nil
339 792 419 828 tamen
441 798 453 828 e
471 783 562 845 scriptis
582 784 658 845 magia
678 781 808 830 excusabile
824 781 938 839 nostrie,

307 854 387 915 Quum
404 859 481 906 sensus
496 860 585 908 cuncus
602 876 669 923 pene
686 858 753 925 quod
772 874 831 906 unus
846 858 922 907 ineib

151 940 153 945 ’
227 951 253 995 35
273 931 338 991 Laeta
356 933 404 983 feri
420 936 487 985 ierus
504 938 597 990 cecini.
616 953 677 986 cauo
699 937 772 985 tristia
788 936 871 985 tristis.

308 1008 461 1063 Conveniens
471 1018 537 1079 operi
549 1027 648 1079 tempus'
655 1031 783 1080 utrumque
793 1016 837 1064 suo
848 1013 896 1062 est.

267 1080 356 1148 Quid,
368 1094 414 1139 nisi
431 1091 461 1141 de
478 1095 538 1143 vitio
555 1095 656 1142 scribam
673 1096 776 1157 regionis
789 1094 901 1142 amaraei

306 1166 387 1233 thue
405 1170 458 1219 solo
475 1158 564 1219 moriar
583 1168 772 1229 commodiore,
793 1176 898 1234 precer?

274 1244 342 1297 Ciun·
364 1250 435 1297 toties
455 1246 538 1299 eadem
558 1247 661 1306 dicam,
682 1250 721 1297 vix
740 1246 824 1296 audior
842 1246 893 1294 uili
914 1265 922 1295 e

224 1334 258 1381 40
306 1326 431 1391 Verbaque
453 1326 559 1391 profedu
580 1326 730 1375 dissimulata
747 1339 837 1375 carent.

273 1402 304 1451 Et
316 1418 397 1453 tamen
407 1408 456 1453 haec
468 1403 550 1453 eadem
561 1403 618 1453 cum
627 1408 691 1463 sint,
704 1420 755 1452 non
762 1404 891 1451 scribimus
900 1400 1005 1453 isdem&

306 1480 408 1547 Unaque
428 1498 470 1546 per
487 1482 565 1545 piures
581 1499 628 1531 vox
639 1498 693 1530 mea
704 1495 781 1530 tentat
796 1496 881 1543 opem.

273 1558 328 1616 An,
349 1574 379 1609 ne
401 1560 436 1607 bis
453 1560 545 1609 sensum
563 1559 637 1609 ledor
652 1562 765 1623 reperiret
779 1556 922 1619 eumdem,

155 1700 158 1705 Δ
224 1676 228 1687 ,
306 1635 374 1684 Unus
390 1640 539 1691 amicorum,
554 1638 645 1696 Brute,
667 1635 786 1701 rogandus
801 1636 870 1683 erati

223 1725 252 1773 45
273 1712 331 1761 Non
353 1714 462 1764 fuirhoc
479 1717 561 1763 cantia
580 1710 689 1763 confeffo
706 1714 835 1777 ignoscite.
856 1710 940 1762 doni.

301 1788 379 1837 Vilior
400 1788 432 1839 est
445 1792 523 1853 operis
544 1790 609 1841 fama
624 1791 700 1840 salute
714 1789 777 1839 mei.

274 1866 385 1933 Denique
406 1871 530 1928 materiae,
550 1885 623 1933 quam
641 1872 694 1933 quia
715 1870 759 1917 cibi
780 1865 875 1917 finxerit
893 1870 968 1933 ipse.

307 1946 413 1995 Arbitrio
429 1950 504 1997 variat
523 1947 600 1995 multa
616 1952 688 2012 poeta
703 1948 755 1994 suo.

274 2022 343 2071 Musa
354 2040 408 2072 mea
424 2024 456 2073 est
466 2023 537 2075 iudex
553 2027 657 2073 nimium
669 2040 766 2089 quoque
782 2037 839 2071 vera
852 2021 1004 2081 malorum,

227 2119 256 2163 50
307 2098 384 2165 Aeque
401 2104 544 2166 incorrupte
562 2099 668 2166 pondera
683 2100 746 2151 testis
763 2101 842 2150 habet.

273 2174 324 2224 Nec
341 2176 400 2227 liber
418 2194 444 2229 ur
461 2178 544 2238 fieret,
562 2178 603 2228 sed
620 2181 656 2228 uri
674 2181 714 2228 sua
729 2180 815 2243 cuique
827 2175 933 2227 daretur

304 2254 400 2310 Litera,
417 2261 566 2322 propositum
584 2273 688 2322 curaque
707 2256 785 2306 nostra
805 2254 861 2303 fuir.

271 2332 402 2384 Postmodo
418 2334 548 2394 colieeias,
568 2349 698 2400 utcumque
711 2337 762 2382 cine
777 2330 881 2393 ordine,
896 2337 977 2399 junxi
993 2346 1003 2392 ξ

226 2444 231 2465 ,
305 2410 359 2458 Hoc
376 2426 435 2475 opus
452 2412 553 2460 cleaurn
568 2428 599 2469 ne
616 2416 677 2461 mibi
698 2411 761 2461 forte
775 2426 851 2475 putea.

226 2496 253 2545 55
273 2486 311 2537 Da
322 2490 415 2537 veniam
428 2489 534 2553 scriptis,
551 2504 655 2553 quorum
672 2504 722 2537 non
742 2488 819 2553 gloria
834 2488 910 2537 nobie

306 2562 404 2626 Causa,
425 2562 467 2615 sed
481 2566 571 2616 utilitas
590 2564 767 2631 officiumque,
789 2565 847 2615 fuit.
