2325 3959
270 430 336 493 268
398 425 442 493 P.
472 426 629 493 Orrnrr
650 425 845 493 Nasonis

298 546 342 594 Per
351 544 443 597 medias
453 544 554 612 legimur
564 546 635 598 noxia
646 544 694 596 tela
703 548 762 598 vias.

264 622 387 689 surgitur
396 642 460 674 rarus
471 660 480 683 ‚
493 628 535 691 qui
545 641 584 675 rus
595 625 673 675 colere
683 622 785 675 audeat:
796 625 862 691 isque

297 701 348 751 Hac
363 717 414 752 arat
430 702 515 752 infelix
526 737 534 762 ‚
545 704 590 751 bac
602 716 667 752 tenet
677 717 743 751 arma
753 717 835 751 manu.

214 782 243 830 25
262 776 310 828 ¹Sub
320 780 388 844 galea
398 780 475 846 pallor
485 782 569 845 junelir
581 782 635 845 pice
646 792 726 829 cantat
736 780 831 836 avenis3

293 855 387 924 Proque
402 857 460 922 lupo
476 854 567 922 pavide
578 856 641 908 bella
656 870 765 906 verentur
776 845 841 905 nves.

259 932 307 982 vix
317 949 363 1000 ope
374 934 462 983 castelli
472 932 625 983 defendimur
635 953 642 983 r
656 937 680 982 dt
693 948 772 983 tamen
781 936 845 981 intus

283 1008 362 1057 Mina
376 1008 434 1057 facit
444 1008 521 1072 GraJis
532 1010 631 1056 barbara
641 1008 710 1057 turba
720 1022 820 1056 merum.

258 1085 352 1151 Quippe
360 1084 431 1134 simul
442 1086 511 1134 nobis
522 1085 614 1133 habitat
626 1119 634 1144 ,
651 1084 788 1136 discrimine
802 1084 889 1145 nullo,

210 1174 241 1220 30
289 1163 403 1212 Barbarus
415 1180 421 1210 r
434 1165 459 1211 δι
475 1164 529 1211 tedii
537 1161 590 1227 plus
602 1168 698 1227 quoque
709 1177 773 1227 parte
789 1177 862 1211 tener.

256 1238 324 1301 Quos
335 1254 362 1288 ut
372 1254 422 1292 non
431 1242 530 1298 timeas,
543 1242 618 1305 possis
629 1236 720 1299 odille,
732 1237 837 1289 videndo

287 1317 391 1366 Pellibus
404 1320 429 1366 δι
447 1316 520 1381 longd
531 1332 639 1382 tempora
650 1319 710 1365 tedia
720 1315 799 1365 comi.

222 1449 224 1452 ,
253 1394 305 1445 llos
319 1410 430 1462 quoque,
441 1396 485 1460 qui
493 1396 568 1459 geniti
580 1394 654 1459 Grajb
664 1392 793 1445 creduntur
804 1394 832 1443 ab
842 1396 917 1455 urbe,

285 1471 332 1520 Pro
343 1474 420 1537 patrio
431 1471 498 1520 cultu
509 1472 601 1519 Persica
609 1471 694 1522 bracca
704 1474 771 1537 regit.

206 1562 232 1607 35
250 1546 367 1601 Exercent
376 1548 414 1597 illi
427 1550 496 1598 socia
506 1550 651 1599 commercia
662 1548 764 1613 linguae:

283 1625 327 1673 Per
343 1626 433 1689 gestum
448 1641 484 1673 res
495 1623 768 1690 estsignificandamihi.

249 1702 364 1751 Barbarus
379 1701 419 1753 hic
430 1718 476 1767 ego
490 1703 542 1751 sum
549 1737 558 1762 ‚
569 1705 627 1767 quia
638 1718 687 1751 non
697 1702 820 1767 intelligor
829 1702 886 1752 ulli:

282 1779 314 1828 Er
323 1776 401 1828 rident
409 1777 489 1829 stolidi
496 1780 568 1830 rerba
578 1779 663 1829 latina
675 1781 751 1831 Gerre.

248 1856 338 1922 Meque
347 1856 441 1921 palam,
451 1854 481 1906 de
490 1874 529 1905 nse
537 1856 592 1907 turb
600 1856 662 1907 mali
670 1859 729 1924 sape
738 1858 882 1925 loquuntur:

198 1960 231 2008 40
281 1934 389 1990 forsitan
401 1935 519 2000 objiciunt
529 1935 686 2001 exsiliumque
696 1939 765 1985 mibi.

247 2011 328 2079 thue
341 2010 386 2072 fit,
397 2014 423 2061 in
434 2029 472 2061 me
483 2011 590 2078 ailquid,
605 2015 623 2062 sl
634 2012 710 2079 qnid,
722 2012 855 2064 dicentibus
866 2015 934 2079 illis,

278 2092 409 2139 Abnuerim
421 2093 515 2155 quoties
524 2094 696 2157 annuerimque
708 2126 716 2151 ,
729 2106 821 2156 putant.

245 2164 314 2217 Adde
323 2202 331 2227 ,
340 2165 406 2233 quod
416 2168 529 2233 injustum
540 2166 618 2235 rigido
625 2172 662 2234 jus
673 2167 760 2218 dieitur
770 2171 823 2221 ense
835 2188 842 2218 a

276 2244 372 2294 Dantur
383 2248 408 2295 δι
419 2247 445 2294 in
452 2244 533 2295 medio
539 2244 638 2295 vulnera
648 2248 707 2311 sepe
715 2246 778 2297 foro.
852 2310 855 2317 Ι

195 2332 225 2384 4ς
245 2321 267 2371 O
286 2318 371 2372 duram
381 2323 511 2372 Lachesin!
523 2338 576 2389 quae
587 2337 636 2380 tarn
648 2340 718 2389 grave
729 2322 792 2375 sidus
803 2326 900 2377 babenti

276 2400 294 2446 F
295 2398 328 2447 ila
341 2397 409 2448 dedit
416 2402 471 2449 ritae
484 2416 533 2448 non
545 2397 653 2451 Breviora
665 2403 738 2451 mese!
754 2407 758 2415 '
837 2425 844 2431 ⁴

243 2474 317 2536 Quod
331 2479 412 2539 parriae
421 2476 508 2531 vultu,
519 2476 643 2542 vestroque
655 2495 762 2527 caremus
774 2514 781 2538 ,
798 2483 888 2542 amicir

274 2550 395 2618 Quodque
408 2551 449 2601 hle
464 2556 490 2601 in
504 2555 619 2617 Scythicis
630 2552 716 2603 finibus
727 2553 773 2605 else
784 2573 871 2622 queror
882 2576 891 2619 3

241 2631 348 2698 Utraque
355 2646 426 2695 poena
435 2632 512 2695 gravis
523 2650 530 2679 r
543 2634 618 2679 merui
627 2646 707 2683 tamen
717 2633 782 2686 Urbe
790 2651 867 2685 carere
877 2654 885 2695 5

193 2736 224 2786 50
273 2710 331 2759 Non
346 2710 422 2757 merul
434 2708 476 2757 tali
486 2708 586 2758 forsitan
594 2706 639 2758 elle
647 2709 711 2759 loco.

240 2783 953 2854 Quidloquor‚ehldernensiipsarnquoqueperderevitatu,

273 2862 595 2928 Cassandrensium,
607 2862 692 2935 dignus
702 2880 777 2918 eram·
