2325 3959
302 426 365 494 302
427 402 469 475 P.
499 407 656 475 Ovrnrr
679 401 879 475 NAsorrrs

250 538 283 577 σο
331 525 425 577 Gaudia
441 530 588 592 percipiens,
608 544 661 593 quae
679 525 746 577 dedit
762 530 812 592 ipse
829 531 886 577 iuis.

296 601 348 653 Jam
360 618 423 654 nunc
434 608 483 654 haec
501 619 515 654 a
528 623 587 664 me,
603 610 716 670 juvenum
730 604 841 670 belloque
858 604 985 670 rogique

330 682 452 743 Maxime,
468 680 530 731 dieta
545 682 588 731 tibi
600 686 745 733 vaticinante
756 698 823 731 nota.

297 759 622 831 Huncquoquecarminibus
630 760 730 811 referam
742 756 838 809 fortaffe
850 760 1035 823 triumphurn.-

330 834 434 887 Sufficiet
445 837 528 887 nostris
538 841 558 887 si
568 836 645 887 modi>
656 841 705 887 vita
717 837 795 887 malis.

250 920 278 974 σς
298 914 410 964 imbuero
422 917 542 976 Scythicas
559 918 578 963 si
596 931 645 965 non
662 915 725 980 priris
741 912 789 979 ipse
804 916 923 978 sagittas,

332 990 506 1057 Abstuleritque
518 993 585 1043 ferox
598 996 644 1041 hoc
655 1007 727 1056 caput
741 994 794 1041 ense
808 993 893 1041 Getes.

300 1067 373 1129 Quod
383 1072 418 1127 si,
431 1086 469 1117 me
480 1070 560 1124 seito,
571 1069 667 1119 dabitur
678 1070 721 1117 tibi
731 1068 810 1119 laurea
821 1066 948 1133 templis,

331 1147 420 1195 Omnia
435 1147 470 1194 bis
484 1144 548 1196 dices
558 1164 614 1198 veta
624 1141 692 1195 fuiffe
703 1162 766 1195 ntea,

317 1278 1008 1352 ‹xm-‘em

435 1418 776 1482 EPISTOLA
817 1420 876 1479 ΙΙ.

427 1562 890 1626 MESSALLINOJ

301 1657 407 1773 ἶιιε
425 1723 511 1773 domis
528 1724 607 1775 vestra
624 1727 707 1791 primis
722 1738 846 1776 venerator
862 1724 894 1773 ab
914 1727 1005 1785 annis,

335 1801 416 1849 Pulsus
428 1800 458 1850 ad
473 1802 556 1850 Euxini
568 1802 631 1851 Naso
643 1802 733 1851 sinistra
749 1801 820 1859 freti,

300 1878 383 1929 Mittit
398 1880 428 1927 ab
443 1878 567 1928 indomitis
579 1883 656 1939 hanc,
669 1876 817 1939 Messalline,
834 1878 962 1940 salutem,

278 2017 281 2026 Ι
336 1955 413 2014 Quam
426 1957 508 2005 solitus
517 1958 616 2022 praeiens
627 1956 658 2006 est
669 1958 712 2006 tibi
724 1956 797 2015 ferre,
809 1956 886 2006 Getis.

272 2036 284 2081 i
303 2031 349 2081 Hei
360 2034 435 2081 mihi!
448 2038 467 2081 si
480 2035 540 2083 ieeio
551 2032 689 2084 vultus‘tibi
704 2037 801 2084 nomine
812 2050 862 2082 non
874 2034 922 2089 est,

335 2109 383 2169 Qui
394 2110 456 2169 fuit,
474 2115 498 2160 δι
510 2110 603 2160 dubitas
615 2128 691 2161 cetera
702 2111 836 2177 perlegerei

302 2186 414 2251 Perlege,
427 2205 469 2236 nec
480 2205 575 2237 mecum
588 2192 674 2253 pariter
685 2206 739 2238 mea
749 2191 820 2238 verba
830 2188 911 2255 relega
923 2209 931 2239 ι

335 2263 400 2313 Urbe
411 2265 467 2315 licet
476 2266 550 2315 vestri
559 2268 664 2316 versibus
674 2264 719 2315 eise
731 2269 798 2314 meis.

304 2340 362 2391 Non
373 2358 418 2407 ego
429 2346 545 2407 concepi,
562 2348 583 2392 si
599 2343 682 2393 Pelion
699 2340 755 2392 offa
772 2338 861 2391 tuliffet
869 2375 879 2402 ,

259 2420 288 2454 ¹0
337 2418 410 2469 Clara
423 2419 477 2467 meai
490 2421 554 2485 tangi
565 2418 640 2469 sidera
651 2418 716 2487 posse
725 2436 807 2471 manu.

304 2495 357 2545 Nec
367 2512 411 2544 nos
417 2531 426 2555 ,
438 2495 551 2544 Enceladi
563 2494 683 2546 dementia
693 2497 766 2546 castra
777 2497 868 2555 secuti,

336 2574 450 2623 interum
461 2573 572 2624 dominos
583 2578 703 2625 movinius
713 2591 778 2624 arma
787 2574 861 2622 Deos.

303 2650 357 2702 Nec
363 2686 372 2711 ,
384 2649 450 2716 quod
459 2651 562 2714 Tydide
573 2656 697 2702 temeraria
708 2651 804 2701 dextera
814 2650 885 2703 fecit,

337 2728 444 2779 Numina
453 2732 508 2779 sunt
520 2730 572 2778 telis
585 2730 633 2779 ulla
643 2733 718 2795 petita
728 2733 796 2783 meir.

258 2813 284 2863 ¹5
304 2806 343 2856 Est
353 2822 406 2855 mea
416 2793 486 2872 cuipa
495 2811 589 2873 gravis,
604 2806 644 2857 sed
654 2825 706 2874 quae
717 2824 756 2855 rne
765 2804 861 2871 perdere
873 2804 955 2855 solum

337 2886 397 2935 Ausa
408 2889 438 2933 sit
444 2920 454 2947 ‚
466 2890 490 2934 δι
500 2885 596 2935 nullum
607 2890 683 2951 majus
694 2884 777 2934 adorta
787 2884 861 2933 nefas.

304 2962 367 3023 Nil,
381 2965 426 3011 nisi
435 2979 485 3011 nou
497 2964 604 3029 sapiens,
619 2960 730 3029 possum,
744 2959 905 3029 timidusque,
917 2967 1016 3013 vocari:

336 3040 393 3090 Hac
405 3039 454 3090 duo
465 3043 519 3090 sunt
528 3043 602 3092 animi
613 3042 775 3091 nominavere
785 3042 841 3087 mei.

303 3116 357 3169 Effe
367 3118 465 3185 quidem
476 3119 565 3181 fateor,
579 3121 688 3167 meritam
700 3116 751 3183 post
762 3114 861 3169 Caesaris
872 3116 951 3176 iram,
