2325 3959
315 390 585 460 Tursrrvsr
609 385 711 452 Lrn.
749 385 781 450 1.
843 403 905 467 173

196 505 254 558 Non
274 525 341 576 potes
355 507 534 566 avellissimul‚
547 505 670 556 ahisimul
681 505 784 563 ibimus,
795 503 884 566 inquit,

229 590 264 638 Te
282 593 380 655 sequar:
394 593 418 636 δι
428 591 518 652 conjux
528 584 613 633 exsulis
620 582 673 631 exul
683 599 732 630 ero.
815 578 819 585 ’

194 663 225 714 Et
236 670 297 716 mihi
313 667 373 716 facia
387 669 425 716 via
436 665 482 714 cst:
496 669 519 712 δι
532 680 570 710 me
583 664 646 726 capit
656 661 742 709 ultima
749 658 827 709 telius.

227 743 348 792 Accedam
366 743 472 808 profugae
487 745 578 790 sarcina
594 755 666 804 parva
682 741 736 787 rati.

195 820 231 869 Te
240 822 305 885 jubet
316 839 328 869 e
340 825 415 886 patria
425 819 545 868 discedere
557 817 656 868 Caesaris
667 820 715 876 ira,

228 899 271 947 Me
284 904 358 964 pietas
371 919 376 946 :
389 902 462 964 pietas
475 901 525 946 haec
536 899 597 946 mihi
608 895 689 945 Caesar
703 897 756 942 erit.

195 976 264 1025 Talia
276 979 397 1026 tentabat:
410 980 443 1025 sic
455 980 479 1024 ὃ(
492 990 623 1025 tentaverat
634 986 688 1022 ante
696 989 706 1030 ς

225 1056 319 1121 Vixque
330 1053 397 1104 dedit
407 1057 478 1104 virias
489 1054 594 1104 utilitate
604 1067 697 1108 manus.

190 1133 307 1198 Egredior
319 1169 327 1193 ,
347 1137 395 1184 sive
410 1131 472 1182 illud
490 1147 539 1180 erat
549 1135 601 1181 sine
612 1130 694 1179 funere
702 1128 775 1188 ferri,
923 1191 928 1199 Ι

225 1211 350 1277 Squalidus
360 1213 541 1260 immissishirra
552 1227 593 1274 per
603 1225 646 1258 ora
655 1211 740 1257 comis.
875 1204 878 1208 ’
925 1228 958 1274 ‚0

192 1289 238 1338 Illa
255 1289 339 1352 dolore
354 1293 451 1353 gravis,
465 1289 567 1338 tenebris
577 1302 684 1336 narratur
695 1287 787 1334 obortis

225 1369 374 1416 Semianimis
385 1365 466 1416 medii
477 1361 627 1430 procubuisse
637 1361 722 1412 domo.

192 1443 273 1509 thue
292 1446 435 1510 resurrexit,
456 1441 552 1492 foedatis
565 1442 662 1506 pulvere
674 1443 737 1505 turpi

225 1521 353 1578 Crinibus,
371 1525 395 1571 δι
409 1519 489 1585 gelida
496 1521 605 1570 membra
615 1520 702 1570 levavit
710 1511 785 1568 liumo
795 1537 802 1578 ς

192 1599 221 1648 Se
235 1597 325 1658 modi,
339 1598 444 1650 desertos
458 1597 533 1649 modd
544 1596 703 1663 comploraffe
715 1599 833 1658 Penatcs3
924 1604 953 1652 95

224 1676 321 1726 Nomen
335 1681 359 1727 &
372 1681 444 1744 erepti
455 1680 514 1744 saepe
528 1675 627 1734 vocasse,
640 1680 684 1726 viri
696 1694 705 1735 5

190 1753 241 1804 Nec
252 1753 366 1819 gemuiffe
377 1759 470 1815 minus,
485 1747 559 1821 quim
571 1759 590 1804 si
598 1771 806 1806 nataevemeurnve

221 1830 426 1882 Vidissetstrueiot
433 1851 519 1898 corpus
530 1834 616 1882 habere
626 1850 714 1898 rogos3

188 1909 220 1958 Et
232 1909 333 1960 voluiffe
346 1916 426 1971 mori,
445 1918 469 1962 δε
482 1913 610 1962 moriendo
624 1930 712 1978 ponere
722 1915 816 1962 sensus:

222 1991 381 2054 Respediuque
394 2003 474 2039 tamen
488 2007 539 2040 non
553 1988 655 2056 posuiffe
666 1991 722 2039 mei.
907 2008 953 2045 roo

189 2066 278 2117 Vivat:
291 2071 315 2116 ὃ(
328 2069 466 2126 absentem,
479 2071 594 2132 quoniam
603 2070 636 2115 sic
646 2067 695 2115 fata
706 2066 828 2126 tulerunt,
896 2128 907 2142 P

221 2158 304 2218 Vivat,
315 2162 339 2208 δι
350 2158 439 2207 auxilio
449 2157 557 2206 sublevet
567 2173 641 2222 usque
652 2159 703 2206 suo.

190 2236 302 2302 Tingitur
311 2237 408 2286 Oceano
419 2236 496 2284 custos
507 2233 694 2298 Erymanthidos
705 2234 789 2295 Ursae,

220 2316 399 2380 AEquureasque
409 2315 452 2362 suo
463 2311 538 2362 sidere
550 2315 631 2362 turbat
641 2329 712 2378 aquas
721 2330 730 2371 ·,

187 2391 239 2442 Nos
257 2407 338 2442 tamen
356 2392 451 2440 Ionium
470 2407 520 2440 non
531 2390 611 2440 nostri
625 2387 739 2438 findimus
752 2406 836 2456 aequor
905 2409 948 2457 ¹05

217 2473 305 2534 Sponte
318 2487 326 2528 3
341 2467 383 2518 sed
401 2467 502 2518 audaces
513 2472 625 2534 cogimur
635 2462 683 2516 eise
692 2482 768 2517 meru.
956 2464 958 2470 ’

185 2547 228 2596 Me
241 2547 366 2596 miserum!
379 2550 473 2612 quantis
484 2550 617 2596 increscunt
627 2563 723 2613 aequora
733 2547 826 2597 ventis!

218 2625 337 2690 Eiuraque
353 2641 380 2673 ex
395 2628 449 2672 imis
457 2624 532 2674 fervet
543 2643 614 2676 arena
620 2624 705 2674 vadis!

187 2702 274 2751 Monte
285 2717 329 2750 nec
339 2701 438 2750 inferior
452 2717 526 2765 prorae
538 2705 659 2767 puppique
670 2705 772 2753 rc'curvae

220 2778 314 2832 Insilit,
334 2781 358 2826 δι
377 2781 451 2842 ρὶέίος
460 2781 569 2828 verberat
580 2777 644 2827 unda
655 2778 729 2827 Deos.

187 2858 260 2906 Pinea
272 2871 334 2905 texta
349 2858 433 2904 sonant
445 2873 450 2902 ε
460 2855 521 2919 puisi
536 2855 636 2906 stridore
646 2854 755 2907 rudentes
767 2875 775 2917 5

219 2936 331 2998 Aggemit
343 2933 461 2982 &nostris
472 2934 522 2997 ipsa
534 2937 614 2982 carina
622 2935 700 2983 malis.

186 3012 292 3068 Navita,
303 3009 421 3068 confeffus
438 3009 520 3075 gelido
530 3012 622 3076 pallore
631 3016 743 3063 timorem
757 3048 766 3073 ,

217 3083 273 3137 Jam
281 3085 385 3152 sequitur
395 3086 496 3147 vinam,
507 3100 557 3135 non
567 3089 628 3152 regit
637 3082 698 3150 atre,
709 3102 794 3135 tatem.

713 3170 739 3222 fl
760 3169 785 3237 iij
