2325 3959
292 405 356 488 ηδ
417 399 461 471 P.
491 380 649 468 Orruit
670 403 873 471 Nasones

321 522 375 584 Qui
386 525 465 574 cervix
475 524 589 573 humeros
600 526 741 574 continuata
751 526 848 591 premit.

288 604 340 652 ibat
350 606 375 653 iu
384 606 448 652 hunc
459 600 512 652 idas
523 636 531 662 ,
541 605 630 669 virque
641 601 674 652 est
682 602 749 653 ioris
760 606 816 668 igne
826 600 951 668 repulsus
964 621 976 663 ς

321 682 382 732 Tela
392 697 473 732 tamen
483 680 571 731 dextre
580 681 681 732 fulmine
689 696 756 747 rupta
765 696 864 747 negant.

240 771 267 817 7¹
275 762 388 829 ilamque
398 762 458 818 tibi,
471 760 572 820 Pollux,
584 758 781 811 coelumsubllme
792 759 890 825 patebat
903 776 916 817 3

322 841 404 900 Crito,
419 841 476 891 Mea
487 837 599 899 ,dixisti‚
609 839 800 904 perciperem,
812 851 890 902 pater.

290 919 364 984 Quod
377 921 438 969 mihi
457 917 572 977 dauni,
590 916 680 967 colum
695 918 781 982 partite
797 913 911 965 duobus:

322 998 461 1056 Dimidium
471 1011 524 1047 toto
535 1012 633 1045 munere
644 999 720 1060 majus
732 997 785 1047 erit.

289 1078 380 1139 Dixit,
395 1080 421 1128 it
431 1074 524 1126 alterni
534 1074 633 1124 fratrem
646 1074 745 1123 statione
760 1068 881 1121 redemite

243 1168 291 1213 7²0
323 1156 391 1207 Utile
401 1155 502 1205 solicite
513 1152 577 1204 eidus
589 1167 687 1218 uterque
697 1154 752 1203 rati.

289 1232 329 1285 Ad
343 1235 429 1284 lanum
445 1230 543 1293 redeat,
559 1234 603 1298 qui
616 1233 702 1297 quaerit
713 1229 805 1295 Agonia
816 1222 878 1294 quid
894 1226 971 1283 rint3

323 1313 477 1374 Quaetamen
490 1315 515 1361 in
527 1311 599 1360 Pastis
612 1312 660 1359 hoc
671 1324 768 1375 quoque
785 1320 880 1369 tempus
892 1304 1008 1353 babent.

290 1392 368 1445 Nocte
378 1393 490 1459 sequente
497 1385 563 1439 tlicm
573 1390 638 1437 canis
649 1384 790 1451 Erigoneius
801 1385 858 1433 exit.

323 1471 363 1525 Est
371 1471 418 1521 alio
425 1470 487 1535 rigui
496 1464 590 1517 reddita
598 1465 667 1515 causa
679 1463 743 1513 loco,

245 1559 289 1604 7²5
294 1549 443 1601 PROXIMA
456 1544 559 1596 Vulcani
568 1543 610 1592 lux
622 1558 662 1602 es3
678 1538 824 1590 Tubilustria
838 1533 939 1587 dicunt.

325 1627 461 1679 lustrantur
472 1639 552 1689 pure,
563 1636 621 1688 quae
631 1620 689 1669 fecit
700 1618 758 1677 ille,
774 1616 846 1666 tube.
1078 1656 1079 1659 ,

293 1699 607 1768 QUATTUORludenotit
615 1696 721 1747 locusest
730 1688 923 1761 3quibusoreiine
936 1688 1021 1749 lestis,

326 1782 371 1833 Vel
384 1796 436 1830 mot
447 1781 584 1833 sacrorum,
594 1776 634 1827 tel
645 1776 709 1840 Fuga
719 1774 789 1838 Regis
799 1768 866 1821 inest.

291 1859 361 1913 NEC
373 1875 397 1910 te
406 1872 533 1925 pretereo,
545 1854 629 1923 populi
640 1855 744 1903 Fortuna
755 1852 861 1916 potentis
1078 1840 1079 1905 l

202 1945 204 1949 ’
246 1962 294 2008 730
327 1938 441 1995 Publica3
455 1940 494 1987 eui
505 1934 623 1999 templum
634 1931 687 1980 lece
698 1931 809 1995 sequente
817 1924 913 1975 datum.

294 2020 362 2075 Hanc
374 2018 415 2067 ubi
424 2014 490 2067 diver
501 2016 568 2080 aquis
578 2013 695 2077 acceperit
705 2008 867 2073 Amphitrite,

226 2131 228 2138 ν
327 2100 401 2149 Grata
413 2096 467 2146 lovi
476 2093 548 2143 fulrae
561 2090 634 2141 rostra
643 2087 735 2141 videbis
746 2088 804 2136 avie.
910 2086 912 2091 '

294 2175 445 2228 AUFERAT
461 2189 489 2222 ex
500 2170 576 2221 oculis
587 2169 683 2219 veniens
698 2167 790 2214 Aurora
804 2162 919 2222 Booten,

327 2251 500 2317 Continuique
508 2247 548 2299 dic
558 2246 622 2297 tidue
633 2244 734 2307 Hyantis
745 2244 798 2291 erit.

295 2408 1015 2506 mammarum»

451 2610 688 2685 crure
746 2606 837 2677 Vr
1078 2562 1079 2575 '

301 2726 401 2844 Hic
408 2806 505 2859 quoque
513 2789 600 2862 nensis
608 2786 679 2837 habet
689 2782 772 2835 dubiae
780 2782 805 2833 in
813 2781 911 2833 nomine
920 2780 1013 2836 cousus¹

330 2872 390 2933 Qua
405 2869 531 2935 placeant,
543 2869 627 2933 positis
638 2862 765 2913 omuibus.
779 2861 827 2927 ipse
840 2858 911 2924 leges.

299 2953 368 3001 falia
380 2964 480 3004 cauam3
494 2944 534 2995 sed
547 2956 630 3000 erunt,
641 2944 682 3008 qui
693 2956 732 2990 me
743 2935 834 2988 finxisse
846 2936 972 3002 loquantur
982 2968 993 2997 ,

332 3027 453 3093 Nullaque
468 3023 565 3073 mortali
575 3025 675 3071 numina
682 3021 731 3069 visa
740 3029 833 3082 putent.

268 3110 281 3161 5
300 3106 340 3158 Est
355 3105 421 3157 Deut
439 3106 465 3155 iu
475 3102 559 3163 uobis,
570 3103 674 3169 agitante
685 3096 823 3149 calescimus
837 3091 896 3145 illoc
998 3124 1003 3135 ,
