2325 3959
250 324 544 444 'rerer-mn
573 371 676 441 m.
702 373 775 442 111.
809 393 873 464 ης

162 489 276 542 Numinis
291 511 317 544 ut
327 494 376 544 lesi
390 493 433 544 fiat
443 496 588 544 mansuetior
597 496 649 554 ite,

197 572 357 640 Muratoque,
373 577 453 622 minor
467 575 497 622 tit
508 589 562 626 mea
578 589 667 638 poene,
684 571 749 624 loco.

164 647 240 716 quue
251 654 299 711 ita,
310 656 329 700 si
343 652 438 708 nullum
448 651 523 700 scelus
536 651 568 699 est
579 654 605 699 in
615 653 709 715 pedore
722 651 822 714 nostro,
898 662 926 710 25

198 728 393 799 Principiumque
407 731 455 778 mei
472 732 578 779 criminis
597 746 662 778 error
677 730 759 779 habet.

166 803 219 854 Nec
227 804 298 865 leue,
313 823 357 856 nec
365 823 444 856 rutum
456 808 505 867 e‘st,
520 823 568 873 quo
581 810 629 857 sint
639 823 708 868 mea,
720 806 815 870 dicere,
826 812 881 859 casu

200 881 302 956 Lumina
316 884 400 935 funesti
412 887 508 935 conscia
524 885 585 934 frua
599 885 668 935 mali.

167 957 285 1026 Mensque
302 961 460 1018 reformidat,
478 963 554 1013 veluti
567 967 607 1012 sue
620 964 738 1022 vulnera,
756 979 849 1032 tempus

200 1037 280 1089 illud:
290 1043 314 1090 δι
326 1040 452 1092 admonitu
464 1041 491 1092 fit
498 1058 575 1094 novus
582 1044 631 1107 ipse
642 1041 722 1093 dolor.
902 1058 931 1105 3⁰

165 1110 197 1178 Fr
211 1131 367 1190 quecumque
377 1118 438 1169 adeo
449 1117 547 1185 possunt
556 1118 641 1170 afferre
655 1119 789 1187 pudorem,

200 1193 244 1242 Illa
260 1200 307 1262 tegi
321 1197 384 1247 ceci
392 1196 489 1248 condita
500 1201 569 1247 nodie
582 1197 660 1250 decet.

167 1268 208 1319 Nil
226 1275 298 1338 igitur
315 1276 437 1335 referam,
455 1279 500 1326 nisi
517 1293 556 1324 me
572 1274 696 1342 precelse,
714 1277 810 1328 sedillo

203 1351 302 1401 Premia
313 1369 411 1416 peccato
422 1352 490 1402 nulla
501 1355 575 1418 petita
588 1356 661 1402 mihi:

149 1446 151 1448 ·
167 1428 349 1495 stultitiamque
364 1446 445 1480 meum
456 1433 547 1486 crimen
558 1429 644 1480 debere
661 1433 757 1494 vocari,
903 1457 929 1502 35

203 1506 311 1558 Nomina
327 1513 346 1560 si
363 1509 426 1560 fado
440 1508 538 1560 reddere
549 1525 605 1560 vera
615 1510 684 1561 velie.

169 1584 229 1650 Quae
248 1590 266 1635 si
278 1590 370 1638 nonita
381 1591 435 1638 sunt
446 1607 454 1647 3
467 1589 557 1645 alium,
575 1604 625 1653 qun
636 1587 731 1654 longius
747 1589 840 1644 absim,

202 1664 305 1726 Quaere,
321 1667 455 1718 suburbana
464 1668 515 1716 haec
526 1667 626 1714 ritmihi
638 1679 715 1728 terra,
731 1666 825 1717 locum.

194 1809 875 1885 ‹v-efflfflfflzzn

324 1951 584 2018 ELEGIA
624 1955 729 2018 VII.

216 2047 238 2083 'r

173 2047 224 2162 'R'
242 2131 283 2165 An
293 2129 308 2176 t¹
321 2115 448 2166 salutatum
460 2115 540 2166 subitd
551 2130 658 2182 perarata
669 2115 783 2165 Perillam

204 2195 306 2255 Litera,
325 2197 439 2245 sermonis
450 2193 500 2244 lida
515 2193 622 2244 ministra
638 2196 696 2242 rnei.

172 2275 221 2328 Aut
230 2274 298 2326 illam
308 2276 414 2323 invenies
422 2271 488 2322 dulci
497 2289 554 2321 cum
566 2287 643 2320 matre
651 2268 775 2320 sedentem
787 2305 797 2333 ,

206 2357 255 2404 Aut
269 2357 331 2403 inter
345 2353 419 2402 libros
433 2349 584 2418 Pieridasque
595 2351 655 2401 suar.

174 2430 301 2499 Quidquid
316 2447 383 2497 aget,
396 2430 453 2481 edm
467 2446 490 2479 te
503 2431 586 2479 scierit
595 2422 704 2486 venilse‚
720 2425 856 2492 relinquet:
909 2443 919 2489 5

207 2511 259 2560 Nec
272 2527 339 2558 mora
348 2530 354 2558 ε
364 2506 430 2570 Quid
445 2510 524 2558 venias
535 2543 543 2566 ,
555 2505 659 2572 quidve,
678 2509 798 2571 requiret,
810 2523 889 2574 agam.

175 2589 262 2638 Vivere
277 2605 316 2636 nte
332 2586 411 2645 dices,
426 2584 467 2634 sed
481 2589 532 2644 sic,
548 2601 575 2635 ut
588 2589 668 2635 vivere
681 2584 772 2634 nolim:

208 2665 260 2715 Nec
279 2664 343 2716 male
359 2679 408 2712 tam
419 2662 493 2728 longa
504 2663 583 2712 nostra
593 2663 672 2711 levata
684 2662 761 2712 morri.

177 2743 209 2794 Et
227 2758 307 2792 tumen
317 2739 348 2794 ad
362 2740 460 2800 Musas,
472 2743 580 2805 quamvis
592 2756 711 2798 nocuere,
725 2740 810 2790 reverti
821 2759 828 2791 r

211 2822 320 2886 Aptaque
330 2822 355 2868 in
365 2817 468 2868 alternos
477 2833 561 2882 cogere
573 2817 645 2867 verba
654 2815 734 2882 pedes.
913 2853 943 2885 ι,

179 2899 218 2952 Tu
229 2913 335 2964 quoque,
346 2895 396 2955 dic,
405 2893 493 2945 Studiis
503 2896 672 2944 communibus
681 2895 767 2962 ecquid
778 2901 892 2952 inlraereei

211 2978 336 3042 Doetaque
352 2991 402 3024 non
417 2977 495 3039 patrio
506 2977 612 3022 carmina
622 2989 688 3022 more
699 2979 778 3026 canisi

179 3057 245 3111 Naue
255 3058 299 3108 tibi
310 3071 365 3108 cunr
376 3054 431 3104 fatis
442 3069 520 3106 mores
530 3051 622 3103 Natura
631 3051 747 3122 pudicos,
766 3049 769 3052 ’
