2325 3959
280 388 346 452 186
408 379 451 456 P.
479 390 636 461 Orruit
656 398 864 467 NAsorurn

228 507 256 554 30
307 505 364 556 Haec
378 509 475 558 titulum
491 512 575 562 nostre
585 520 670 565 mortis
680 520 765 568 habere
777 522 846 571 velit.

273 584 374 636 barbara
385 603 439 652 pars
453 587 553 640 laevaest
560 626 568 652 ,
581 591 656 644 avide
666 597 784 648 sticcinua
792 603 904 664 rapina,

307 661 384 723 Quam
402 681 491 726 cruor,
509 673 534 718 &
548 668 641 732 credes,
661 674 771 741 bellaque
784 679 875 743 semper
888 681 987 731 habent.
1054 682 1057 686 ’

273 738 385 806 Ctimque
395 746 426 793 sit
434 747 538 798 hibernis
546 752 662 814 agitatum
672 751 782 804 flufflbur
793 772 874 822 ,equor
883 791 892 817 ,

306 819 402 872 PeCiora
416 823 470 873 sunt
483 827 534 889 ipso
548 827 681 879 turbidiora
692 834 761 880 mari.

226 899 252 945 35
273 895 327 955 Quo
343 903 419 964 magis
429 901 466 950 his
480 900 549 952 debes
560 907 701 968 ignoscere,
715 906 818 959 candide
837 909 937 975 leuet,-

305 978 329 1025 Si
345 979 385 1042 spe
400 981 469 1040 sunt,
484 996 511 1030 ut
522 984 591 1043 sunt,
604 984 719 1035 inferiora
734 987 783 1037 tui.
1088 944 1099 1041 b

272 1053 330 1127 Nou
340 1058 390 1105 haec
400 1061 426 1107 in
436 1059 535 1120 nostrie,
551 1076 578 1110 ut
594 1062 717 1128 quondam
726 1097 735 1124 ,
754 1066 879 1116 scribimus
889 1070 966 1120 hortis
975 1088 986 1130 3
1096 1054 1098 1119 s

304 1133 373 1194 Nec,
391 1138 519 1197 consuete,
531 1155 628 1200 meum,
640 1141 738 1198 leuule,
750 1161 836 1208 corpus
847 1146 927 1195 habet.

269 1212 347 1262 Jauor
357 1215 382 1263 in
392 1213 531 1276 indomito,
547 1218 650 1268 brumali
661 1220 730 1280 luce,
747 1221 870 1286 profundo
881 1241 889 1272 r

221 1309 255 1354 40
291 1291 400 1358 ,ipsaque
408 1294 513 1344 caeruleis
520 1297 601 1346 charta
611 1296 695 1346 feritur
705 1302 781 1364 aquis.

270 1368 383 1436 Improba
393 1387 483 1436 pugnat
492 1375 568 1423 hieme
578 1409 588 1431 ,
600 1374 800 1442 indignaturque,
815 1377 883 1443 quod
892 1382 969 1430 ausim

303 1448 427 1509 Scribere,
445 1452 468 1500 se
483 1450 568 1516 rigidas
580 1456 712 1504 incutiente
722 1458 808 1505 minas.

270 1525 358 1576 Vincat
368 1530 444 1578 hieme
456 1532 579 1580 bominem
589 1551 596 1580 r
606 1530 646 1580 sed
656 1530 742 1581 eodem
750 1548 872 1598 tempore,
884 1537 983 1602 quaeso,

301 1603 352 1670 lpse
364 1604 465 1656 modum
476 1607 576 1658 statuam
588 1612 699 1658 carminis
706 1643 715 1670 ,
727 1609 769 1660 isla
779 1612 824 1661 sui.
886 1658 888 1665 ,

268 1749 982 1820 wwssssmw*

446 1900 632 2016 LIB'E
654 1905 688 1972 R
735 1907 808 1974 11.

270 1995 391 2202 Quin
403 2076 462 2126 mihi
472 2078 597 2128 vobiscum
609 2078 658 2138 est,
673 2079 759 2130 infelix
768 2097 841 2142 cura,
853 2081 950 2140 libelli,

313 2156 401 2218 ugenio
411 2157 469 2220 perii
480 2158 520 2221 qui
531 2159 603 2206 miser
613 2160 661 2223 ipse
673 2163 742 2208 meo?

268 2230 320 2282 Cur
331 2231 407 2284 modb
418 2231 541 2284 damnatas
551 2250 650 2300 repeto,
661 2253 714 2286 mea
725 2241 841 2296 erimina,
854 2239 954 2288 Musaei

303 2311 340 2360 An
351 2311 422 2362 semei
437 2311 470 2361 est
482 2327 577 2378 petuam
591 2315 757 2365 commeruisse
768 2321 865 2381 parum?

221 2400 224 2405 ·
238 2389 248 2434 5
269 2385 383 2440 Carmim
395 2389 515 2450 fecerunt,
531 2406 558 2440 ut
570 2407 609 2442 me
622 2392 763 2457 cognoscere
777 2393 885 2454 velient,

300 2467 388 2518 Omine
400 2485 449 2518 non
460 2469 535 2518 fausto
547 2503 555 2528 ‚
569 2469 659 2521 femina
668 2475 751 2536 virque
763 2507 770 2530 ,
787 2487 850 2520 mea.

267 2545 382 2596 Carmina
388 2548 494 2598 iecerunt
502 2581 509 2606 ,
518 2563 544 2596 ur
550 2563 589 2596 me
597 2566 721 2614 morerque
729 2565 823 2599 notaret

298 2625 350 2677 Jam
361 2623 459 2676 demum
468 2625 518 2676 viri
526 2625 606 2677 Caesar
615 2629 645 2676 ab
656 2630 713 2678 Arre
724 2646 799 2680 meos.

266 2702 344 2754 Deme
355 2703 524 2754 mihistudium
533 2740 540 2764 ,
549 2709 605 2756 vitae
616 2723 713 2773 (proque
722 2712 823 2758 crimina
832 2708 912 2760 demet
924 2729 931 2761 e

219 2797 250 2829 ro
300 2785 429 2846 Acceptum
441 2783 519 2834 refero
529 2786 649 2840 versibus,
660 2782 705 2834 esse
717 2803 814 2836 nocens.

266 2862 321 2911 Hoc
330 2864 432 2925 pretium
442 2877 502 2914 curte
513 2862 717 2929 vigilatorumque
729 2864 839 2916 laborum

297 2938 427 3006 Cepimus:
440 2943 536 3006 ingenio
546 2957 616 3008 perna
624 2955 715 3006 reperta
726 2960 790 2992 meo.

265 3021 289 3069 Si
301 3021 418 3082 saperem,
428 3019 506 3068 dosias
517 3019 619 3070 odissem
628 3024 680 3082 jure
688 3023 796 3084 sorores,

298 3095 405 3150 Numine
420 3096 650 3168 cultoripemiciosa
659 3099 715 3148 suo.
