2325 3959
261 412 330 484 250
406 392 448 465 P.
485 395 640 469 Ournrr
665 406 861 475 NAsoum

292 518 330 565 Tu
343 533 405 568 curae
414 524 519 587 requies,
533 540 557 573 tu
565 525 684 577 medicina
694 530 766 579 maii:

258 594 296 641 Tu
311 589 376 655 dux,
392 612 417 647 tu
429 617 510 649 comes
521 620 544 651 cs
556 623 562 652 :
576 620 601 653 ru
610 620 653 654 nor
661 606 761 661 abducis
773 610 803 657 ab
814 604 889 669 Istro,

213 687 258 717 rzo
292 672 318 720 Iu
331 674 460 742 medioque
471 683 531 728 mihi
542 680 583 731 das
593 682 709 735 Helicone
720 686 811 736 locum.

259 749 296 797 Tu
308 754 367 801 mihi
377 788 384 812 ,
397 755 463 820 quod
473 775 552 807 rerum
562 796 569 819 ‚
584 766 639 811 vivo
647 763 747 813 sublime
756 763 841 815 dedisti

290 827 387 879 Nomen
396 834 425 882 ab
436 838 550 903 exsequiis
559 839 625 904 quod
636 840 692 891 dare
703 844 775 893 Fama
787 844 856 893 solet.

258 906 310 955 Nec
321 944 329 968 ,
341 914 383 975 qui
395 911 509 964 detrrstat
518 908 657 981 prasentia,
670 921 742 970 Livor
756 924 840 987 iniquo

291 987 376 1037 Ullum
390 988 419 1039 de
432 994 516 1042 nostris
527 994 598 1044 dente
608 998 742 1049 momordit
751 1013 820 1064 opus.

126 1096 129 1100 ›
211 1063 340 1127 125Nam‚
354 1069 453 1119 tulerint
459 1088 559 1136 magnos
569 1073 624 1122 edm
636 1077 713 1125 secula
724 1078 801 1125 nostra
812 1081 912 1141 po'e'tas,

228 1174 232 1181 -
290 1144 347 1193 Non
358 1145 404 1195 fuit
415 1151 512 1212 ingenio
520 1151 592 1199 Fama
603 1154 707 1218 maligna
717 1172 780 1204 meo.

256 1219 369 1288 Cquue
378 1242 423 1289 ego
435 1243 572 1293 praeponam
583 1231 672 1281 multos
683 1236 758 1291 mihi,
771 1245 820 1283 non
831 1236 910 1282 minor
923 1233 978 1282 illis

290 1300 380 1350 Dicor:
392 1307 417 1352 δι
428 1308 453 1353 in
465 1320 518 1355 toto
528 1307 645 1371 plurimus
657 1312 714 1359 orbe
730 1311 805 1375 legor.

258 1378 283 1426 Si
294 1378 353 1445 quid
362 1383 450 1431 habent
460 1387 533 1448 igitur
544 1401 627 1435 vatum
642 1390 753 1453 praesagia
763 1391 812 1439 veri
822 1406 829 1447 3

212 1463 221 1495 ¹
228 1465 257 1512 50
290 1460 400 1508 Protinus
411 1478 437 1509 ut
448 1466 554 1523 moriar,
569 1480 619 1513 non
628 1482 685 1524 ero,
698 1466 788 1525 Terra,
801 1482 863 1515 tuus.

256 1540 310 1587 Sive
318 1537 399 1587 favore
408 1540 452 1588 cuii
463 1575 470 1599 ,
482 1545 530 1589 sive
541 1544 602 1591 hanc
614 1560 658 1607 ego
669 1547 773 1595 carmine
788 1544 895 1604 famam,

288 1616 343 1665 Jure
358 1618 401 1665 tibi
411 1633 507 1681 grates,
518 1618 618 1669 candide
631 1622 721 1684 lector,
735 1638 789 1687 ago.

255 1774 974 1848 &mentam-mco·

444 1926 687 1998 LIBER
738 1933 783 2001 V.

354 2075 606 2139 ELEGIA
646 2077 863 2145 PRIMA.

255 2165 383 2287 Hunc
395 2254 492 2305 quoquc
500 2238 636 2301 deGetico,
647 2241 719 2293 nostri
730 2242 846 2304 studiose,
857 2242 968 2294 libellum

288 2315 384 2375 Litore,
396 2320 521 2381 praemicris
532 2334 645 2383 quattuor
657 2319 717 2369 adde
729 2326 796 2371 meis.

254 2392 301 2441 Hic
309 2410 406 2459 quoque
418 2394 471 2443 talis
481 2398 544 2454 erit,
563 2398 640 2461 qualis
652 2400 755 2449 Fortuna
767 2406 851 2464 pofftae.

286 2472 393 2520 invenies
404 2488 456 2521 toro
467 2475 571 2522 carmine
581 2472 651 2524 dulce
660 2477 730 2526 nihii.
918 2535 920 2539 ,

225 2562 235 2606 5
254 2550 350 2598 Flebilis
361 2566 387 2599 ιιι
395 2551 472 2599 noster
480 2552 551 2599 statur
562 2552 611 2612 est,
627 2556 660 2603 ita
672 2553 751 2605 flebile
762 2572 874 2617 carmem

287 2630 394 2677 Materiae
407 2632 494 2694 scripto
503 2634 661 2680 conveniente
672 2635 726 2681 suae.

254 2708 347 2772 integer
356 2710 380 2755 δι
391 2708 457 2756 latur
466 2708 520 2757 icta
532 2711 556 2757 dt
567 2712 681 2774 juveniiin
692 2712 753 2771 lusi3

285 2783 330 2833 llla
345 2798 424 2833 tamen
435 2800 498 2834 nunc
509 2801 548 2835 me
558 2785 717 2852 composuiffe
728 2794 801 2855 piget.

254 2862 289 2910 Ut
300 2860 393 2923 cecidi,
412 2866 483 2913 subiti
492 2880 580 2945 pertun
591 2870 708 2931 praecouia
718 2869 781 2918 cauis
792 2888 801 2927 3

209 2960 238 2993 ιο
287 2941 392 3006 Sumque
402 2946 535 3007 argumenti
547 2944 658 2993 conditor
668 2946 715 3010 ipse
726 2948 781 2995 mei.

256 3017 336 3084 thue
344 3023 422 3082 jacens
432 3018 483 3083 ripd
491 3015 578 3068 driirre
587 3020 764 3082 Caystriusaiex

285 3096 383 3148 Dicitur
391 3116 432 3149 ore
444 3100 510 3148 suum
520 3098 644 3149 deficiturt
654 3114 737 3153 netem
743 3118 753 3159 5
