2325 3959
322 407 389 469 292
455 382 496 450 Ρ.
526 383 682 453 Ovum
702 386 901 452 NAsours

319 542 1052 617 ‹m—Qistfizss>

429 687 926 752 Errsrounvu.

438 806 902 881 ΜιεεΑιιιΝο.
1074 830 1075 899 i

317 899 429 1017 Lm
438 983 477 1017 nn
494 984 538 1033 pro
547 968 625 1017 verbis
642 970 686 1017 ribi
696 1004 703 1029 ,
721 965 857 1019 Meffalline
867 1003 875 1027 ‚
892 968 1012 1019 salutem
1022 1004 1031 1029 ,

349 1047 430 1107 Quam
446 1046 519 1109 iegir,
530 1062 544 1094 a
555 1047 621 1095 saevis
632 1046 714 1095 attulit
725 1061 798 1111 usque
810 1046 887 1094 Getis.

314 1121 407 1172 indicat
418 1125 537 1171 auriorem
545 1122 611 1171 locus
623 1141 630 1169 ε
640 1139 668 1172 an
681 1158 690 1181 ‚
701 1126 748 1171 nisi
759 1125 857 1171 numine
869 1118 956 1183 iccio,
988 1178 991 1183 ¹

346 1202 403 1250 Haec
413 1218 452 1249 mc
463 1200 585 1249 Nasonem
598 1202 697 1249 scribere
709 1201 780 1251 verba
792 1200 870 1249 latet?

281 1277 400 1344 5'Ecquis
409 1281 434 1327 in
446 1292 552 1329 extremo
563 1281 655 1342 positus
665 1283 728 1344 jacet
740 1280 797 1327 orbe
824 1293 932 1329 tuorum

345 1358 387 1406 Me
398 1372 479 1409 tamen
491 1371 590 1421 excepto
602 1390 610 1414 ‚
627 1358 668 1421 qui
682 1372 766 1421 precor
776 1351 823 1405 effe
833 1359 908 1405 tuus?

311 1435 346 1484 Di
359 1434 443 1500 procui
454 1437 562 1483 acuniiis
573 1468 580 1492 ‚
593 1438 635 1499 qui
647 1448 669 1482 te
680 1448 821 1483 venerantur
830 1447 985 1499 amantque,

346 1514 422 1578 Hujus
430 1515 540 1563 notitiam
550 1514 626 1576 gentis
638 1507 715 1560 abesse
726 1510 811 1559 velint.

312 1591 370 1641 Non
380 1593 434 1640 saris
444 1590 477 1654 est
487 1592 548 1638 inter
559 1588 662 1653 glaciem
674 1590 841 1653 Scythicasque
853 1590 958 1652 sagittas

264 1684 294 1715 ιο
344 1669 448 1726 Vivere,
459 1670 478 1715 si
487 1670 536 1716 vita
547 1666 579 1715 est
588 1670 671 1715 mortis
682 1664 791 1715 habenda
800 1682 882 1730 genus.

312 1745 363 1795 Nos
376 1759 469 1809 premat
479 1759 520 1792 aur
537 1744 603 1793 bello
614 1743 703 1805 tellus,
719 1759 760 1793 aut
771 1743 859 1809 frigore
871 1745 968 1795 coeIunr
980 1767 990 1797 ε

344 1824 457 1888 Truxque
469 1823 540 1871 Getes
550 1825 637 1877 armis,
653 1820 767 1887 grandine
779 1822 854 1887 pulset
865 1824 958 1873 hiems.

311 1899 363 1949 Nos
375 1902 460 1950 habeat
473 1903 552 1964 regio,
566 1915 610 1949 nec
621 1916 696 1964 pomo
708 1898 772 1959 feta,
783 1916 826 1949 nec
838 1903 889 1949 uvis
901 1918 910 1961 ς

343 1978 374 2026 Et
384 1982 451 2043 cujus
462 1978 557 2031 nullum
569 1967 641 2027 ceffet
651 1980 681 2027 ab
690 1976 756 2029 hoste
767 1976 827 2026 larus

265 2067 291 2109 15
311 2055 398 2108 Cetera
414 2059 444 2105 sit
463 2056 541 2121 sospes
552 2056 672 2105 cultorum
684 2056 754 2104 rurba
764 2070 876 2114 ruorum3

342 2135 369 2184 In
381 2136 485 2199 quibus,
502 2148 529 2182 ut
540 2133 649 2199 populo,
661 2148 712 2197 pars
724 2149 769 2196 ego
780 2149 851 2197 parva
861 2133 907 2183 fui.

309 2213 352 2261 Me
364 2214 475 2261 miserum
488 2212 494 2258 l
507 2214 533 2258 vsi
546 2227 570 2259 ru
581 2208 797 2261 verbisoffenderis
807 2210 874 2271 istis,
918 2200 922 2207 ⁸

341 2290 440 2354 Nosque
457 2304 528 2353 negas
542 2288 592 2336 ulli
602 2303 667 2351 parte
678 2285 746 2343 fuiss'e
759 2303 822 2337 tuos.

308 2366 382 2432 ldque
393 2370 423 2414 sir
431 2381 458 2414 ιιι
466 2382 549 2415 verum
561 2399 569 2424 ‚
581 2369 683 2415 mentito
693 2367 813 2431 ignoscere
824 2364 905 2418 debes.

262 2458 292 2488 20
341 2446 383 2493 Nil
394 2443 471 2495 deruit
484 2442 549 2493 laudi
560 2443 637 2507 gloria
647 2444 725 2501 nostra
736 2458 789 2492 ruae.

310 2523 369 2583 Quis
381 2525 404 2571 se
420 2522 551 2573 Caesaribus
565 2524 629 2571 notis
641 2538 689 2570 non
701 2520 771 2585 fingit
781 2522 902 2572 amicum?

341 2602 380 2650 Da
394 2604 490 2661 veniarn
501 2597 561 2648 fasso
574 2634 583 2659 ,
597 2616 623 2649 ru
641 2602 700 2648 mihi
718 2601 797 2649 Caesar
808 2603 861 2649 eris.
1074 2656 1075 2665 ἵ

308 2680 360 2729 Nec
371 2694 451 2728 tamen
468 2681 590 2741 irrumpo,
605 2677 654 2743 qun
669 2694 718 2726 uon
728 2676 827 2726 licetine
839 2696 845 2725 ι
857 2679 964 2747 satisque
976 2684 1008 2733 eii
1015 2719 1024 2745 ,

341 2757 406 2804 Atria
414 2759 433 2804 si
442 2756 512 2804 nobis
522 2772 571 2803 non
583 2753 682 2818 paruisse
695 2770 774 2818 negas.

261 2835 287 2884 ²5
309 2834 391 2897 thue
403 2834 446 2881 ribi
457 2832 529 2881 fuerit
539 2848 634 2881 mecum
645 2832 704 2881 nihil
716 2832 834 2895 amplius3
851 2850 900 2884 uno

339 2910 433 2973 Nempe
441 2908 564 2968 salutaris,
575 2908 650 2974 quim
659 2908 738 2973 priris,
748 2926 789 2958 ore
800 2914 888 2962 minus.

308 2990 360 3039 Nec
373 3002 425 3035 tuus
436 2986 467 3035 est
478 2990 572 3050 genitor
581 3004 625 3036 nos
637 2985 753 3036 inficiatus
765 2990 869 3047 amicos,

341 3064 456 3115 Hortatur
467 3062 538 3114 studii
555 3067 669 3131 causaque
682 3065 767 3130 faxque
778 3068 834 3115 mei.
