<?xml version="1.0" encoding="UTF-8"?>
<!DOCTYPE html PUBLIC "-//W3C//DTD XHTML 1.0 Transitional//EN"
    "http://www.w3.org/TR/xhtml1/DTD/xhtml1-transitional.dtd">
<html xmlns="http://www.w3.org/1999/xhtml" xml:lang="en" lang="en">
 <head>
  <title>
</title>
<meta http-equiv="Content-Type" content="text/html;charset=utf-8" />
  <meta name='ocr-system' content='tesseract 3.04.00' />
  <meta name='ocr-capabilities' content='ocr_page ocr_carea ocr_par ocr_line ocrx_word'/>
</head>
<body>
  <div class='ocr_page' id='page_1' title='image "./povidiinasoniso02ovidgoog_0278.png"; bbox 0 0 2325 3959; ppageno 0'>
   <div class='ocr_carea' id='block_1_1' title="bbox 279 431 862 519">
    <p class='ocr_par' dir='ltr' id='par_1_1' title="bbox 279 431 862 519">
     <span class='ocr_line' id='line_1_1' title="bbox 279 431 862 519; baseline 0.017 -22"><span class='ocrx_word' id='word_1_1' title='bbox 279 440 349 519; x_wconf 70' lang='lat'>276</span> <span class='ocrx_word' id='word_1_2' title='bbox 421 431 465 504; x_wconf 88' lang='lat' dir='ltr'>P.</span> <span class='ocrx_word' id='word_1_3' title='bbox 489 434 644 503; x_wconf 75' lang='lat' dir='ltr'>Orrnrr</span> <span class='ocrx_word' id='word_1_4' title='bbox 667 439 862 506; x_wconf 76' lang='lat' dir='ltr'>NAsours</span> 
     </span>
    </p>
   </div>
   <div class='ocr_carea' id='block_1_2' title="bbox 129 556 1073 2326">
    <p class='ocr_par' dir='ltr' id='par_1_2' title="bbox 129 556 1075 2326">
     <span class='ocr_line' id='line_1_2' title="bbox 230 556 765 622; baseline 0.009 -18"><span class='ocrx_word' id='word_1_5' title='bbox 230 565 261 599; x_wconf 84' lang='lat'>20</span> <span class='ocrx_word' id='word_1_6' title='bbox 308 556 466 622; x_wconf 80' lang='lat' dir='ltr'>Musaque-ad</span> <span class='ocrx_word' id='word_1_7' title='bbox 476 561 564 608; x_wconf 82' lang='lat' dir='ltr'>invitos</span> <span class='ocrx_word' id='word_1_8' title='bbox 574 558 681 609; x_wconf 80' lang='lat' dir='ltr'>officiosa</span> <span class='ocrx_word' id='word_1_9' title='bbox 690 564 765 611; x_wconf 85' lang='lat' dir='ltr'>venit.</span> 
     </span>
     <span class='ocr_line' id='line_1_3' title="bbox 277 632 974 705; baseline 0.006 -23"><span class='ocrx_word' id='word_1_10' title='bbox 277 632 400 701; x_wconf 85' lang='lat' dir='ltr'><strong>Quicquid</strong></span> <span class='ocrx_word' id='word_1_11' title='bbox 408 634 434 684; x_wconf 91' lang='lat' dir='ltr'>id</span> <span class='ocrx_word' id='word_1_12' title='bbox 443 636 491 696; x_wconf 93' lang='lat' dir='ltr'>est,</span> <span class='ocrx_word' id='word_1_13' title='bbox 508 635 611 702; x_wconf 74' lang='lat' dir='ltr'>adjunge</span> <span class='ocrx_word' id='word_1_14' title='bbox 621 641 680 687; x_wconf 85' lang='lat' dir='ltr'>tntis</span> <span class='ocrx_word' id='word_1_15' title='bbox 687 657 693 686; x_wconf 77' lang='lat' dir='ltr'>t</span> <span class='ocrx_word' id='word_1_16' title='bbox 701 639 763 687; x_wconf 83' lang='lat' dir='ltr'>nihii</span> <span class='ocrx_word' id='word_1_17' title='bbox 774 637 874 705; x_wconf 81' lang='lat' dir='ltr'>impedit</span> <span class='ocrx_word' id='word_1_18' title='bbox 890 653 974 688; x_wconf 72' lang='lat' dir='ltr'>ortos</span> 
     </span>
     <span class='ocr_line' id='line_1_4' title="bbox 308 709 773 777; baseline 0.009 -19"><span class='ocrx_word' id='word_1_19' title='bbox 308 709 410 766; x_wconf 85' lang='lat' dir='ltr'>Exsule‚</span> <span class='ocrx_word' id='word_1_20' title='bbox 421 710 516 761; x_wconf 85' lang='lat' dir='ltr'>serratis</span> <span class='ocrx_word' id='word_1_21' title='bbox 524 711 615 777; x_wconf 80' lang='lat' dir='ltr'>legibus</span> <span class='ocrx_word' id='word_1_22' title='bbox 624 712 708 772; x_wconf 77' lang='lat' dir='ltr'>,Urbe</span> <span class='ocrx_word' id='word_1_23' title='bbox 716 712 773 762; x_wconf 84' lang='lat' dir='ltr'>frui.</span> 
     </span>
     <span class='ocr_line' id='line_1_5' title="bbox 277 784 904 855; baseline 0.006 -21"><span class='ocrx_word' id='word_1_24' title='bbox 277 784 350 846; x_wconf 88' lang='lat' dir='ltr'>Quod</span> <span class='ocrx_word' id='word_1_25' title='bbox 362 802 453 837; x_wconf 83' lang='lat' dir='ltr'>metuar</span> <span class='ocrx_word' id='word_1_26' title='bbox 463 805 513 838; x_wconf 87' lang='lat' dir='ltr'>nou</span> <span class='ocrx_word' id='word_1_27' title='bbox 523 790 555 838; x_wconf 87' lang='lat' dir='ltr'>est</span> <span class='ocrx_word' id='word_1_28' title='bbox 563 808 570 837; x_wconf 81' lang='lat' dir='ltr'>r</span> <span class='ocrx_word' id='word_1_29' title='bbox 579 789 670 839; x_wconf 80' lang='lat' dir='ltr'>Antoni</span> <span class='ocrx_word' id='word_1_30' title='bbox 681 792 768 855; x_wconf 80' lang='lat' dir='ltr'>scripta</span> <span class='ocrx_word' id='word_1_31' title='bbox 779 790 904 855; x_wconf 77' lang='lat' dir='ltr'>leguntur:</span> 
     </span>
     <span class='ocr_line' id='line_1_6' title="bbox 308 864 872 932; baseline 0.004 -19"><span class='ocrx_word' id='word_1_32' title='bbox 308 864 399 915; x_wconf 73' lang='lat' dir='ltr'>noetus</span> <span class='ocrx_word' id='word_1_33' title='bbox 417 870 441 916; x_wconf 77' lang='grc' dir='ltr'>δι</span> <span class='ocrx_word' id='word_1_34' title='bbox 459 869 485 917; x_wconf 86' lang='lat' dir='ltr'>iu</span> <span class='ocrx_word' id='word_1_35' title='bbox 495 882 592 932; x_wconf 79' lang='lat' dir='ltr'>promtu</span> <span class='ocrx_word' id='word_1_36' title='bbox 602 868 686 917; x_wconf 72' lang='lat' dir='ltr'>scrinia</span> <span class='ocrx_word' id='word_1_37' title='bbox 696 867 781 917; x_wconf 76' lang='lat' dir='ltr'>Brutus</span> <span class='ocrx_word' id='word_1_38' title='bbox 792 869 872 916; x_wconf 84' lang='lat' dir='ltr'>habet.</span> 
     </span>
     <span class='ocr_line' id='line_1_7' title="bbox 228 942 851 999; baseline 0.005 -8"><span class='ocrx_word' id='word_1_39' title='bbox 228 951 255 999; x_wconf 76' lang='lat'>25</span> <span class='ocrx_word' id='word_1_40' title='bbox 275 942 327 992; x_wconf 88' lang='lat' dir='ltr'>Nec</span> <span class='ocrx_word' id='word_1_41' title='bbox 338 960 377 993; x_wconf 87' lang='lat' dir='ltr'>me</span> <span class='ocrx_word' id='word_1_42' title='bbox 388 947 525 994; x_wconf 85' lang='lat' dir='ltr'>nominibus</span> <span class='ocrx_word' id='word_1_43' title='bbox 538 945 639 995; x_wconf 82' lang='lat' dir='ltr'>furiosus</span> <span class='ocrx_word' id='word_1_44' title='bbox 650 946 749 995; x_wconf 83' lang='lat' dir='ltr'>confero</span> <span class='ocrx_word' id='word_1_45' title='bbox 767 949 851 999; x_wconf 75' lang='lat' dir='ltr'>tantist</span> 
     </span>
     <span class='ocr_line' id='line_1_8' title="bbox 307 1022 837 1073; baseline -0.004 -2"><span class='ocrx_word' id='word_1_46' title='bbox 307 1023 373 1073; x_wconf 56' lang='grc' dir='ltr'>δῖνα</span> <span class='ocrx_word' id='word_1_47' title='bbox 383 1022 447 1071; x_wconf 82' lang='lat' dir='ltr'>Deos</span> <span class='ocrx_word' id='word_1_48' title='bbox 461 1037 544 1072; x_wconf 85' lang='lat' dir='ltr'>contra</span> <span class='ocrx_word' id='word_1_49' title='bbox 558 1038 608 1073; x_wconf 85' lang='lat' dir='ltr'>nort</span> <span class='ocrx_word' id='word_1_50' title='bbox 620 1038 700 1073; x_wconf 82' lang='lat' dir='ltr'>tamen</span> <span class='ocrx_word' id='word_1_51' title='bbox 709 1040 775 1073; x_wconf 79' lang='lat' dir='ltr'>arma</span> <span class='ocrx_word' id='word_1_52' title='bbox 784 1023 837 1073; x_wconf 90' lang='lat' dir='ltr'>tuli.</span> 
     </span>
     <span class='ocr_line' id='line_1_9' title="bbox 274 1097 861 1166; baseline 0 -18"><span class='ocrx_word' id='word_1_53' title='bbox 274 1097 385 1165; x_wconf 86' lang='lat' dir='ltr'>Denique</span> <span class='ocrx_word' id='word_1_54' title='bbox 397 1099 522 1160; x_wconf 71' lang='lat' dir='ltr'>caesareo,</span> <span class='ocrx_word' id='word_1_55' title='bbox 533 1099 600 1165; x_wconf 92' lang='lat' dir='ltr'>quod</span> <span class='ocrx_word' id='word_1_56' title='bbox 611 1108 660 1150; x_wconf 89' lang='lat' dir='ltr'>no&#39;n</span> <span class='ocrx_word' id='word_1_57' title='bbox 671 1099 788 1151; x_wconf 80' lang='lat' dir='ltr'>desiderat</span> <span class='ocrx_word' id='word_1_58' title='bbox 796 1102 861 1166; x_wconf 85' lang='lat' dir='ltr'>ipse,</span> 
     </span>
     <span class='ocr_line' id='line_1_10' title="bbox 307 1176 810 1229; baseline 0.004 -4"><span class='ocrx_word' id='word_1_59' title='bbox 307 1176 364 1225; x_wconf 86' lang='lat' dir='ltr'>Non</span> <span class='ocrx_word' id='word_1_60' title='bbox 374 1192 438 1225; x_wconf 81' lang='lat' dir='ltr'>caret</span> <span class='ocrx_word' id='word_1_61' title='bbox 448 1194 460 1225; x_wconf 99' lang='lat' dir='ltr'>e</span> <span class='ocrx_word' id='word_1_62' title='bbox 473 1177 556 1226; x_wconf 84' lang='lat' dir='ltr'>nostris</span> <span class='ocrx_word' id='word_1_63' title='bbox 567 1177 630 1226; x_wconf 78' lang='lat' dir='ltr'>ullus</span> <span class='ocrx_word' id='word_1_64' title='bbox 642 1180 732 1229; x_wconf 85' lang='lat' dir='ltr'>honore</span> <span class='ocrx_word' id='word_1_65' title='bbox 743 1179 810 1227; x_wconf 88' lang='lat' dir='ltr'>iiber.</span> 
     </span>
     <span class='ocr_line' id='line_1_11' title="bbox 274 1252 853 1316; baseline 0.003 -13"><span class='ocrx_word' id='word_1_66' title='bbox 274 1255 300 1303; x_wconf 85' lang='lat' dir='ltr'>Si</span> <span class='ocrx_word' id='word_1_67' title='bbox 309 1252 403 1305; x_wconf 78' lang='lat' dir='ltr'>dubitas</span> <span class='ocrx_word' id='word_1_68' title='bbox 414 1254 443 1304; x_wconf 89' lang='lat' dir='ltr'>de</span> <span class='ocrx_word' id='word_1_69' title='bbox 453 1272 508 1316; x_wconf 87' lang='lat' dir='ltr'>me,</span> <span class='ocrx_word' id='word_1_70' title='bbox 520 1253 602 1305; x_wconf 81' lang='lat' dir='ltr'>lauder</span> <span class='ocrx_word' id='word_1_71' title='bbox 615 1254 716 1306; x_wconf 82' lang='lat' dir='ltr'>admitte</span> <span class='ocrx_word' id='word_1_72' title='bbox 728 1257 835 1306; x_wconf 86' lang='lat' dir='ltr'>Deorum</span> <span class='ocrx_word' id='word_1_73' title='bbox 845 1276 853 1305; x_wconf 81' lang='lat' dir='ltr'>r</span> 
     </span>
     <span class='ocr_line' id='line_1_12' title="bbox 129 1332 863 1394; baseline -0.001 -10"><span class='ocrx_word' id='word_1_74' title='bbox 129 1381 131 1384; x_wconf 88' lang='lat'>.</span> <span class='ocrx_word' id='word_1_75' title='bbox 228 1349 260 1391; x_wconf 80' lang='lat'>3⁰</span> <span class='ocrx_word' id='word_1_76' title='bbox 307 1333 338 1382; x_wconf 89' lang='lat' dir='ltr'>Et</span> <span class='ocrx_word' id='word_1_77' title='bbox 352 1350 463 1393; x_wconf 77' lang='lat' dir='ltr'>carmen,</span> <span class='ocrx_word' id='word_1_78' title='bbox 476 1332 559 1385; x_wconf 87' lang='lat' dir='ltr'>demto</span> <span class='ocrx_word' id='word_1_79' title='bbox 569 1338 686 1394; x_wconf 84' lang='lat' dir='ltr'>nomine,</span> <span class='ocrx_word' id='word_1_80' title='bbox 697 1336 762 1383; x_wconf 85' lang='lat' dir='ltr'>sume</span> <span class='ocrx_word' id='word_1_81' title='bbox 773 1350 863 1383; x_wconf 84' lang='lat' dir='ltr'>meum.</span> 
     </span>
     <span class='ocr_line' id='line_1_13' title="bbox 272 1408 787 1476; baseline 0.006 -17"><span class='ocrx_word' id='word_1_82' title='bbox 272 1408 377 1475; x_wconf 77' lang='lat' dir='ltr'>Adjuvrt</span> <span class='ocrx_word' id='word_1_83' title='bbox 390 1414 416 1461; x_wconf 87' lang='lat' dir='ltr'>iu</span> <span class='ocrx_word' id='word_1_84' title='bbox 430 1411 495 1461; x_wconf 91' lang='lat' dir='ltr'>bello</span> <span class='ocrx_word' id='word_1_85' title='bbox 512 1427 602 1476; x_wconf 72' lang='lat' dir='ltr'>pacate</span> <span class='ocrx_word' id='word_1_86' title='bbox 615 1428 694 1461; x_wconf 79' lang='lat' dir='ltr'>ramus</span> <span class='ocrx_word' id='word_1_87' title='bbox 703 1411 787 1462; x_wconf 82' lang='lat' dir='ltr'>olivaer</span> 
     </span>
     <span class='ocr_line' id='line_1_14' title="bbox 305 1487 799 1541; baseline 0.008 -4"><span class='ocrx_word' id='word_1_88' title='bbox 305 1487 414 1539; x_wconf 82' lang='lat' dir='ltr'>Proderit</span> <span class='ocrx_word' id='word_1_89' title='bbox 422 1492 542 1539; x_wconf 62' lang='lat' dir='ltr'>auctorem</span> <span class='ocrx_word' id='word_1_90' title='bbox 550 1490 616 1538; x_wconf 78' lang='lat' dir='ltr'>Pacis</span> <span class='ocrx_word' id='word_1_91' title='bbox 627 1491 712 1538; x_wconf 78' lang='lat' dir='ltr'>habere</span> <span class='ocrx_word' id='word_1_92' title='bbox 721 1489 799 1541; x_wconf 77' lang='lat' dir='ltr'>nihili</span> 
     </span>
     <span class='ocr_line' id='line_1_15' title="bbox 273 1566 827 1632; baseline 0.004 -17"><span class='ocrx_word' id='word_1_93' title='bbox 273 1566 338 1619; x_wconf 87' lang='lat' dir='ltr'>Ctim</span> <span class='ocrx_word' id='word_1_94' title='bbox 355 1566 419 1617; x_wconf 78' lang='lat' dir='ltr'>fotet&#39;</span> <span class='ocrx_word' id='word_1_95' title='bbox 428 1566 507 1616; x_wconf 63' lang='lat' dir='ltr'>AEndz</span> <span class='ocrx_word' id='word_1_96' title='bbox 516 1568 595 1615; x_wconf 82' lang='lat' dir='ltr'>cervix</span> <span class='ocrx_word' id='word_1_97' title='bbox 605 1568 707 1632; x_wconf 64' lang='lat' dir='ltr'>subjetit</span> <span class='ocrx_word' id='word_1_98' title='bbox 719 1569 827 1631; x_wconf 76' lang='lat' dir='ltr'>parenti.</span> 
     </span>
     <span class='ocr_line' id='line_1_16' title="bbox 304 1642 887 1709; baseline 0.002 -17"><span class='ocrx_word' id='word_1_99' title='bbox 304 1644 400 1693; x_wconf 83' lang='lat' dir='ltr'>Dicitur</span> <span class='ocrx_word' id='word_1_100' title='bbox 413 1646 463 1709; x_wconf 79' lang='lat' dir='ltr'>ipsa</span> <span class='ocrx_word' id='word_1_101' title='bbox 476 1648 529 1694; x_wconf 80' lang='lat' dir='ltr'>viro</span> <span class='ocrx_word' id='word_1_102' title='bbox 544 1644 642 1694; x_wconf 81' lang='lat' dir='ltr'>flamma</span> <span class='ocrx_word' id='word_1_103' title='bbox 653 1642 823 1695; x_wconf 77' lang='lat' dir='ltr'>dediiseviam.</span> <span class='ocrx_word' id='word_1_104' title='bbox 886 1674 887 1677; x_wconf 63' lang='lat'><em>=</em></span> 
     </span>
     <span class='ocr_line' id='line_1_17' title="bbox 225 1720 903 1789; baseline 0.005 -20"><span class='ocrx_word' id='word_1_105' title='bbox 225 1742 252 1788; x_wconf 75' lang='lat'>35</span> <span class='ocrx_word' id='word_1_106' title='bbox 272 1721 327 1770; x_wconf 79' lang='lat' dir='ltr'>Fert</span> <span class='ocrx_word' id='word_1_107' title='bbox 339 1722 400 1770; x_wconf 84' lang='lat' dir='ltr'>iiber</span> <span class='ocrx_word' id='word_1_108' title='bbox 411 1720 549 1781; x_wconf 74' lang='lat' dir='ltr'>AEneaden,</span> <span class='ocrx_word' id='word_1_109' title='bbox 562 1727 587 1771; x_wconf 69' lang='lat' dir='ltr'>dt</span> <span class='ocrx_word' id='word_1_110' title='bbox 597 1739 647 1771; x_wconf 86' lang='lat' dir='ltr'>nou</span> <span class='ocrx_word' id='word_1_111' title='bbox 658 1726 703 1773; x_wconf 89' lang='lat' dir='ltr'>iter</span> <span class='ocrx_word' id='word_1_112' title='bbox 714 1740 786 1775; x_wconf 86' lang='lat' dir='ltr'>omne</span> <span class='ocrx_word' id='word_1_113' title='bbox 793 1723 903 1789; x_wconf 76' lang='lat' dir='ltr'>patebit?</span> 
     </span>
     <span class='ocr_line' id='line_1_18' title="bbox 222 1801 777 1865; baseline 0.007 -18"><span class='ocrx_word' id='word_1_114' title='bbox 222 1805 225 1810; x_wconf 85' lang='grc'><em>“</em></span> <span class='ocrx_word' id='word_1_115' title='bbox 305 1801 338 1848; x_wconf 81' lang='lat' dir='ltr'>At</span> <span class='ocrx_word' id='word_1_116' title='bbox 352 1802 433 1863; x_wconf 67' lang='lat' dir='ltr'>patrie</span> <span class='ocrx_word' id='word_1_117' title='bbox 445 1814 511 1864; x_wconf 74' lang='lat' dir='ltr'>pater</span> <span class='ocrx_word' id='word_1_118' title='bbox 520 1801 576 1854; x_wconf 83' lang='lat' dir='ltr'>hie,</span> <span class='ocrx_word' id='word_1_119' title='bbox 588 1802 659 1865; x_wconf 81' lang='lat' dir='ltr'>ipsius</span> <span class='ocrx_word' id='word_1_120' title='bbox 670 1801 711 1851; x_wconf 88' lang='lat' dir='ltr'>ille</span> <span class='ocrx_word' id='word_1_121' title='bbox 723 1801 777 1851; x_wconf 86' lang='lat' dir='ltr'>fuit.</span> 
     </span>
     <span class='ocr_line' id='line_1_19' title="bbox 272 1876 840 1945; baseline -0.005 -16"><span class='ocrx_word' id='word_1_122' title='bbox 272 1877 359 1943; x_wconf 82' lang='lat' dir='ltr'>Ecquis</span> <span class='ocrx_word' id='word_1_123' title='bbox 369 1880 403 1927; x_wconf 75' lang='lat' dir='ltr'>ite</span> <span class='ocrx_word' id='word_1_124' title='bbox 415 1878 448 1927; x_wconf 84' lang='lat' dir='ltr'>est</span> <span class='ocrx_word' id='word_1_125' title='bbox 460 1876 551 1938; x_wconf 74' lang='lat' dir='ltr'>audax,</span> <span class='ocrx_word' id='word_1_126' title='bbox 564 1893 591 1927; x_wconf 94' lang='lat' dir='ltr'>ut</span> <span class='ocrx_word' id='word_1_127' title='bbox 601 1878 683 1927; x_wconf 88' lang='lat' dir='ltr'>limine</span> <span class='ocrx_word' id='word_1_128' title='bbox 694 1895 766 1945; x_wconf 80' lang='lat' dir='ltr'>cogat</span> <span class='ocrx_word' id='word_1_129' title='bbox 776 1879 840 1927; x_wconf 85' lang='lat' dir='ltr'>abire</span> 
     </span>
     <span class='ocr_line' id='line_1_20' title="bbox 303 1956 813 2007; baseline 0 -2"><span class='ocrx_word' id='word_1_130' title='bbox 303 1957 435 2007; x_wconf 75' lang='lat' dir='ltr'>Jruamem</span> <span class='ocrx_word' id='word_1_131' title='bbox 450 1956 535 2005; x_wconf 75' lang='lat' dir='ltr'>Pharii</span> <span class='ocrx_word' id='word_1_132' title='bbox 546 1956 638 2005; x_wconf 81' lang='lat' dir='ltr'>tinnula</span> <span class='ocrx_word' id='word_1_133' title='bbox 649 1956 713 2006; x_wconf 79' lang='lat' dir='ltr'>sistra</span> <span class='ocrx_word' id='word_1_134' title='bbox 724 1960 813 2007; x_wconf 72' lang='lat' dir='ltr'>manui</span> 
     </span>
     <span class='ocr_line' id='line_1_21' title="bbox 272 2033 818 2086; baseline 0 -3"><span class='ocrx_word' id='word_1_135' title='bbox 272 2034 333 2083; x_wconf 74' lang='lat' dir='ltr'>Aure</span> <span class='ocrx_word' id='word_1_136' title='bbox 339 2034 418 2086; x_wconf 79' lang='lat' dir='ltr'>Derim</span> <span class='ocrx_word' id='word_1_137' title='bbox 430 2035 533 2083; x_wconf 80' lang='lat' dir='ltr'>Matrem</span> <span class='ocrx_word' id='word_1_138' title='bbox 544 2050 619 2083; x_wconf 81' lang='lat' dir='ltr'>cornu</span> <span class='ocrx_word' id='word_1_139' title='bbox 627 2034 716 2083; x_wconf 87' lang='lat' dir='ltr'>tibicen</span> <span class='ocrx_word' id='word_1_140' title='bbox 723 2033 818 2084; x_wconf 78' lang='lat' dir='ltr'>adunco</span> 
     </span>
     <span class='ocr_line' id='line_1_22' title="bbox 221 2111 851 2177; baseline 0.003 -18"><span class='ocrx_word' id='word_1_141' title='bbox 221 2112 255 2159; x_wconf 83' lang='lat'>40</span> <span class='ocrx_word' id='word_1_142' title='bbox 303 2111 369 2163; x_wconf 81' lang='lat' dir='ltr'>Cum</span> <span class='ocrx_word' id='word_1_143' title='bbox 378 2117 459 2172; x_wconf 83' lang='lat' dir='ltr'>canit,</span> <span class='ocrx_word' id='word_1_144' title='bbox 471 2114 560 2177; x_wconf 71' lang='lat' dir='ltr'>erigut</span> <span class='ocrx_word' id='word_1_145' title='bbox 569 2116 622 2177; x_wconf 80' lang='lat' dir='ltr'>quis</span> <span class='ocrx_word' id='word_1_146' title='bbox 632 2112 695 2176; x_wconf 85' lang='lat' dir='ltr'>stipis</span> <span class='ocrx_word' id='word_1_147' title='bbox 706 2128 752 2161; x_wconf 83' lang='lat' dir='ltr'>aera</span> <span class='ocrx_word' id='word_1_148' title='bbox 761 2115 851 2177; x_wconf 74' lang='lat' dir='ltr'>neget?</span> 
     </span>
     <span class='ocr_line' id='line_1_23' title="bbox 188 2188 1073 2267; baseline -0.002 -27"><span class='ocrx_word' id='word_1_149' title='bbox 188 2236 191 2241; x_wconf 86' lang='lat'><em>.</em></span> <span class='ocrx_word' id='word_1_150' title='bbox 271 2190 362 2239; x_wconf 81' lang='lat' dir='ltr'>Scimus</span> <span class='ocrx_word' id='word_1_151' title='bbox 372 2192 402 2239; x_wconf 85' lang='lat' dir='ltr'>ab</span> <span class='ocrx_word' id='word_1_152' title='bbox 410 2193 511 2255; x_wconf 84' lang='lat' dir='ltr'>imperio</span> <span class='ocrx_word' id='word_1_153' title='bbox 523 2188 573 2239; x_wconf 85' lang='lat' dir='ltr'>fieri</span> <span class='ocrx_word' id='word_1_154' title='bbox 587 2189 621 2239; x_wconf 90' lang='lat' dir='ltr'>nil</span> <span class='ocrx_word' id='word_1_155' title='bbox 632 2189 679 2239; x_wconf 76' lang='lat' dir='ltr'>trie</span> <span class='ocrx_word' id='word_1_156' title='bbox 689 2188 791 2239; x_wconf 82' lang='lat' dir='ltr'>Dianae:</span> <span class='ocrx_word' id='word_1_157' title='bbox 1072 2208 1073 2267; x_wconf 47' lang='lat' dir='ltr'>r</span> 
     </span>
     <span class='ocr_line' id='line_1_24' title="bbox 302 2265 796 2326; baseline 0 -11"><span class='ocrx_word' id='word_1_158' title='bbox 302 2265 374 2316; x_wconf 86' lang='lat' dir='ltr'>Unde</span> <span class='ocrx_word' id='word_1_159' title='bbox 382 2265 462 2317; x_wconf 83' lang='lat' dir='ltr'>tamen</span> <span class='ocrx_word' id='word_1_160' title='bbox 471 2271 552 2326; x_wconf 76' lang='lat' dir='ltr'>vivat,</span> <span class='ocrx_word' id='word_1_161' title='bbox 562 2270 704 2317; x_wconf 82' lang='lat' dir='ltr'>vaticinator</span> <span class='ocrx_word' id='word_1_162' title='bbox 715 2268 796 2316; x_wconf 84' lang='lat' dir='ltr'>habet.</span> 
     </span>
    </p>
   </div>
   <div class='ocr_carea' id='block_1_3' title="bbox 268 2344 930 2484">
    <p class='ocr_par' dir='ltr' id='par_1_3' title="bbox 268 2344 930 2484">
     <span class='ocr_line' id='line_1_25' title="bbox 268 2344 930 2410; baseline 0.003 -18"><span class='ocrx_word' id='word_1_163' title='bbox 268 2344 320 2410; x_wconf 77' lang='lat' dir='ltr'>Ipsa</span> <span class='ocrx_word' id='word_1_164' title='bbox 329 2361 429 2396; x_wconf 80' lang='lat' dir='ltr'>movent</span> <span class='ocrx_word' id='word_1_165' title='bbox 440 2348 533 2393; x_wconf 81' lang='lat' dir='ltr'>auimoe</span> <span class='ocrx_word' id='word_1_166' title='bbox 550 2347 693 2409; x_wconf 75' lang='lat' dir='ltr'>superorum</span> <span class='ocrx_word' id='word_1_167' title='bbox 707 2346 807 2397; x_wconf 76' lang='lat' dir='ltr'>numina</span> <span class='ocrx_word' id='word_1_168' title='bbox 819 2344 930 2406; x_wconf 63' lang='lat' dir='ltr'>nostrort</span> 
     </span>
     <span class='ocr_line' id='line_1_26' title="bbox 301 2418 750 2484; baseline 0 -17"><span class='ocrx_word' id='word_1_169' title='bbox 301 2419 381 2484; x_wconf 83' lang='lat' dir='ltr'>Turpe</span> <span class='ocrx_word' id='word_1_170' title='bbox 390 2435 434 2468; x_wconf 87' lang='lat' dir='ltr'>nec</span> <span class='ocrx_word' id='word_1_171' title='bbox 445 2419 477 2467; x_wconf 90' lang='lat' dir='ltr'>est</span> <span class='ocrx_word' id='word_1_172' title='bbox 485 2419 529 2467; x_wconf 83' lang='lat' dir='ltr'>tali</span> <span class='ocrx_word' id='word_1_173' title='bbox 535 2418 675 2467; x_wconf 76' lang='lat' dir='ltr'>credulitate</span> <span class='ocrx_word' id='word_1_174' title='bbox 689 2422 750 2483; x_wconf 77' lang='lat' dir='ltr'>capi.</span> 
     </span>
    </p>
   </div>
   <div class='ocr_carea' id='block_1_4' title="bbox 219 2495 929 3184">
    <p class='ocr_par' dir='ltr' id='par_1_4' title="bbox 219 2495 929 3184">
     <span class='ocr_line' id='line_1_27' title="bbox 220 2495 902 2562; baseline -0.006 -13"><span class='ocrx_word' id='word_1_175' title='bbox 220 2507 248 2552; x_wconf 81' lang='lat'>45</span> <span class='ocrx_word' id='word_1_176' title='bbox 269 2495 305 2545; x_wconf 86' lang='lat' dir='ltr'>En</span> <span class='ocrx_word' id='word_1_177' title='bbox 322 2513 383 2560; x_wconf 76' lang='lat' dir='ltr'>ego,</span> <span class='ocrx_word' id='word_1_178' title='bbox 398 2512 442 2562; x_wconf 80' lang='lat' dir='ltr'>pro</span> <span class='ocrx_word' id='word_1_179' title='bbox 453 2495 533 2554; x_wconf 77' lang='lat' dir='ltr'>sistro,</span> <span class='ocrx_word' id='word_1_180' title='bbox 546 2496 690 2561; x_wconf 75' lang='lat' dir='ltr'>Phrygiique</span> <span class='ocrx_word' id='word_1_181' title='bbox 701 2496 818 2547; x_wconf 81' lang='lat' dir='ltr'>foramine</span> <span class='ocrx_word' id='word_1_182' title='bbox 829 2497 902 2557; x_wconf 85' lang='lat' dir='ltr'>buxi,</span> 
     </span>
     <span class='ocr_line' id='line_1_28' title="bbox 300 2574 739 2625; baseline -0.002 -1"><span class='ocrx_word' id='word_1_183' title='bbox 300 2575 384 2624; x_wconf 71' lang='lat' dir='ltr'>Gentis</span> <span class='ocrx_word' id='word_1_184' title='bbox 395 2574 465 2623; x_wconf 67' lang='lat' dir='ltr'>lutra</span> <span class='ocrx_word' id='word_1_185' title='bbox 480 2576 580 2623; x_wconf 77' lang='lat' dir='ltr'>nomina</span> <span class='ocrx_word' id='word_1_186' title='bbox 591 2578 668 2625; x_wconf 69' lang='lat' dir='ltr'>sanun</span> <span class='ocrx_word' id='word_1_187' title='bbox 679 2574 739 2623; x_wconf 83' lang='lat' dir='ltr'>fero.</span> 
     </span>
     <span class='ocr_line' id='line_1_29' title="bbox 267 2650 929 2718; baseline -0.008 -14"><span class='ocrx_word' id='word_1_188' title='bbox 267 2654 392 2704; x_wconf 77' lang='lat' dir='ltr'>Vaticiuor</span> <span class='ocrx_word' id='word_1_189' title='bbox 403 2688 413 2711; x_wconf 91' lang='lat'>,</span> <span class='ocrx_word' id='word_1_190' title='bbox 429 2668 564 2718; x_wconf 85' lang='lat' dir='ltr'>moneoque</span> <span class='ocrx_word' id='word_1_191' title='bbox 575 2654 683 2703; x_wconf 65' lang='lat' dir='ltr'>:iocum</span> <span class='ocrx_word' id='word_1_192' title='bbox 695 2650 750 2701; x_wconf 81' lang='lat' dir='ltr'>date</span> <span class='ocrx_word' id='word_1_193' title='bbox 761 2654 825 2701; x_wconf 80' lang='lat' dir='ltr'>sacra</span> <span class='ocrx_word' id='word_1_194' title='bbox 833 2651 929 2701; x_wconf 82' lang='lat' dir='ltr'>ferentir</span> 
     </span>
     <span class='ocr_line' id='line_1_30' title="bbox 299 2728 831 2795; baseline -0.004 -14"><span class='ocrx_word' id='word_1_195' title='bbox 299 2731 357 2781; x_wconf 88' lang='lat' dir='ltr'>Non</span> <span class='ocrx_word' id='word_1_196' title='bbox 367 2733 443 2789; x_wconf 88' lang='lat' dir='ltr'>mihi,</span> <span class='ocrx_word' id='word_1_197' title='bbox 455 2729 495 2780; x_wconf 86' lang='lat' dir='ltr'>sed</span> <span class='ocrx_word' id='word_1_198' title='bbox 505 2746 594 2795; x_wconf 75' lang='lat' dir='ltr'>magno</span> <span class='ocrx_word' id='word_1_199' title='bbox 603 2733 706 2795; x_wconf 84' lang='lat' dir='ltr'>poscitur</span> <span class='ocrx_word' id='word_1_200' title='bbox 715 2730 757 2779; x_wconf 90' lang='lat' dir='ltr'>ille</span> <span class='ocrx_word' id='word_1_201' title='bbox 768 2728 831 2779; x_wconf 86' lang='lat' dir='ltr'>Deo.</span> 
     </span>
     <span class='ocr_line' id='line_1_31' title="bbox 267 2808 894 2875; baseline -0.005 -15"><span class='ocrx_word' id='word_1_202' title='bbox 267 2810 319 2860; x_wconf 87' lang='lat' dir='ltr'>Nec</span> <span class='ocrx_word' id='word_1_203' title='bbox 330 2812 386 2875; x_wconf 78' lang='lat' dir='ltr'>quia</span> <span class='ocrx_word' id='word_1_204' title='bbox 397 2844 406 2870; x_wconf 91' lang='lat'>,</span> <span class='ocrx_word' id='word_1_205' title='bbox 419 2808 458 2858; x_wconf 88' lang='lat' dir='ltr'>vel</span> <span class='ocrx_word' id='word_1_206' title='bbox 470 2812 563 2863; x_wconf 86' lang='lat' dir='ltr'>merui,</span> <span class='ocrx_word' id='word_1_207' title='bbox 578 2808 617 2857; x_wconf 87' lang='lat' dir='ltr'>vel</span> <span class='ocrx_word' id='word_1_208' title='bbox 626 2810 687 2858; x_wconf 85' lang='lat' dir='ltr'>senti</span> <span class='ocrx_word' id='word_1_209' title='bbox 697 2809 810 2873; x_wconf 73' lang='lat' dir='ltr'>Principis</span> <span class='ocrx_word' id='word_1_210' title='bbox 817 2810 894 2866; x_wconf 75' lang='lat' dir='ltr'>iram,</span> 
     </span>
     <span class='ocr_line' id='line_1_32' title="bbox 219 2886 734 2953; baseline -0.012 -14"><span class='ocrx_word' id='word_1_211' title='bbox 219 2907 249 2953; x_wconf 85' lang='lat'>50</span> <span class='ocrx_word' id='word_1_212' title='bbox 296 2888 318 2937; x_wconf 76' lang='lat' dir='ltr'>A</span> <span class='ocrx_word' id='word_1_213' title='bbox 333 2888 403 2935; x_wconf 83' lang='lat' dir='ltr'>nobit</span> <span class='ocrx_word' id='word_1_214' title='bbox 420 2888 498 2951; x_wconf 83' lang='lat' dir='ltr'>ipsum</span> <span class='ocrx_word' id='word_1_215' title='bbox 508 2886 574 2934; x_wconf 82' lang='lat' dir='ltr'>troile</span> <span class='ocrx_word' id='word_1_216' title='bbox 584 2900 666 2951; x_wconf 72' lang='lat' dir='ltr'>putate</span> <span class='ocrx_word' id='word_1_217' title='bbox 677 2886 734 2934; x_wconf 89' lang='lat' dir='ltr'>toli.</span> 
     </span>
     <span class='ocr_line' id='line_1_33' title="bbox 266 2959 832 3029; baseline -0.007 -15"><span class='ocrx_word' id='word_1_218' title='bbox 266 2962 323 3015; x_wconf 90' lang='lat' dir='ltr'>Vidi</span> <span class='ocrx_word' id='word_1_219' title='bbox 335 2969 381 3029; x_wconf 74' lang='lat' dir='ltr'>ego</span> <span class='ocrx_word' id='word_1_220' title='bbox 395 2964 500 3028; x_wconf 67' lang='lat' dir='ltr'>linigera</span> <span class='ocrx_word' id='word_1_221' title='bbox 509 2978 601 3012; x_wconf 84' lang='lat' dir='ltr'>numen</span> <span class='ocrx_word' id='word_1_222' title='bbox 609 2959 832 3014; x_wconf 73' lang='lat' dir='ltr'>uiolaffefatenttm</span> 
     </span>
     <span class='ocr_line' id='line_1_34' title="bbox 296 3039 730 3102; baseline -0.009 -9"><span class='ocrx_word' id='word_1_223' title='bbox 296 3040 364 3093; x_wconf 80' lang='lat' dir='ltr'>Iridis</span> <span class='ocrx_word' id='word_1_224' title='bbox 377 3076 385 3102; x_wconf 93' lang='lat'><strong><em>‚</em></strong></span> <span class='ocrx_word' id='word_1_225' title='bbox 398 3042 485 3091; x_wconf 71' lang='lat' dir='ltr'>isiacot</span> <span class='ocrx_word' id='word_1_226' title='bbox 496 3055 550 3090; x_wconf 84' lang='lat' dir='ltr'>aute</span> <span class='ocrx_word' id='word_1_227' title='bbox 561 3039 641 3089; x_wconf 85' lang='lat' dir='ltr'>sedere</span> <span class='ocrx_word' id='word_1_228' title='bbox 653 3040 730 3091; x_wconf 80' lang='lat' dir='ltr'>focos.</span> 
     </span>
     <span class='ocr_line' id='line_1_35' title="bbox 263 3116 928 3184; baseline -0.006 -13"><span class='ocrx_word' id='word_1_229' title='bbox 263 3122 351 3184; x_wconf 76' lang='lat' dir='ltr'>Alter,</span> <span class='ocrx_word' id='word_1_230' title='bbox 369 3121 402 3171; x_wconf 88' lang='lat' dir='ltr'>ob</span> <span class='ocrx_word' id='word_1_231' title='bbox 411 3122 466 3170; x_wconf 84' lang='lat' dir='ltr'>huic</span> <span class='ocrx_word' id='word_1_232' title='bbox 476 3118 580 3170; x_wconf 75' lang='lat' dir='ltr'>similem</span> <span class='ocrx_word' id='word_1_233' title='bbox 594 3121 699 3183; x_wconf 77' lang='lat' dir='ltr'>privatur</span> <span class='ocrx_word' id='word_1_234' title='bbox 713 3118 802 3169; x_wconf 84' lang='lat' dir='ltr'>lumine</span> <span class='ocrx_word' id='word_1_235' title='bbox 817 3116 928 3183; x_wconf 77' lang='lat' dir='ltr'>cuipam,</span> 
     </span>
    </p>
   </div>
   <div class='ocr_carea' id='block_1_5' title="bbox 0 0 1168 3959">
    <p class='ocr_par' dir='ltr' id='par_1_5' title="bbox 0 0 1168 3959">
     <span class='ocr_line' id='line_1_36' title="bbox 0 0 1168 3959; baseline 0 0"><span class='ocrx_word' id='word_1_236' title='bbox 0 0 1168 3959; x_wconf 95' lang='lat' dir='ltr'> </span> 
     </span>
    </p>
   </div>
  </div>
 </body>
</html>
