2325 3959
285 373 427 458 Erssr.
451 405 507 455 ex
528 386 680 457 Pouro
700 386 739 454 L.
755 388 805 455 II.
832 408 894 473 321

172 508 274 571 Iride,
291 509 359 578 quod
374 515 488 576 ingenuas
505 506 614 557 didicisse
631 506 735 557 fideliter
754 522 835 561 artes,

213 588 319 638 Emollit
329 605 425 648 mores,
437 604 480 636 nec
491 589 550 635 sinit
561 583 607 635 eise
618 586 690 651 feros.

176 665 236 715 Nec
252 669 345 730 Regum
362 669 490 730 quisquam
504 667 580 727 magis
591 664 623 712 est
637 664 760 711 instructus
774 660 879 721 abillis,

213 744 318 791 Mitibus
328 758 370 791 aut
379 741 461 791 studiis
470 757 579 806 tempora
589 741 658 805 plura
669 738 744 789 dedit.
918 749 948 795 50

176 816 300 869 Carmina
310 820 423 869 testantur
432 835 522 885 uque,
537 821 557 867 si
569 833 610 867 tua
623 820 723 867 nomina
733 816 813 867 demas
822 853 831 879 ,

214 896 357 945 Threicium
364 902 477 962 juvenem
487 893 647 962 composuisse
658 912 753 961 negem.

178 971 251 1023 Neve
262 976 305 1022 sub
319 977 367 1023 hoc
379 978 452 1023 trasiu
462 990 528 1024 vates
538 974 602 1023 foret
614 976 697 1023 unicus
708 972 833 1037 Orpheus,
850 962 855 969 ’

212 1046 317 1101 Bistonis
327 1055 424 1115 ingenio
439 1067 499 1101 retra
509 1053 608 1116 superba
620 1066 662 1100 tuo
678 1050 719 1099 est.

177 1127 264 1193 thue
277 1130 321 1178 tibi
332 1130 364 1178 est
374 1132 483 1188 animus,
495 1128 550 1177 etim
564 1146 599 1177 tes
611 1132 644 1177 ita
661 1126 777 1193 postulat,
790 1141 855 1175 arma
918 1133 927 1175 5
932 1131 945 1176 ἵ

213 1207 311 1254 Sumere
324 1240 332 1264 ,
346 1210 370 1254 δι
381 1206 462 1255 hostili
472 1209 563 1270 tingere
573 1204 637 1254 caede
648 1223 746 1255 manum
757 1222 765 1263 3

176 1280 260 1346 Atque
271 1317 280 1340 ‚
291 1299 318 1330 ut
328 1299 368 1341 es,
381 1280 476 1331 excusso
489 1283 597 1347 Jaculum
609 1298 719 1347 torquere
731 1283 839 1340 lacerto,

213 1358 337 1423 Collaque
348 1359 438 1408 velocis
448 1357 541 1407 desiere
552 1358 635 1408 doiius
647 1362 716 1425 equis

177 1434 305 1498 Tempora
315 1438 348 1483 sic
360 1434 415 1484 data
426 1438 480 1485 sunt
491 1434 571 1484 studiis
587 1436 627 1483 ubi
641 1436 699 1501 justa
709 1436 812 1501 paternis
821 1467 831 1496 ‚

214 1512 298 1577 thue
311 1514 357 1561 suis
370 1516 475 1561 humeris
486 1512 549 1561 forte
557 1515 649 1577 quievit
657 1529 732 1577 opus3
915 1514 950 1561 so*

181 1587 221 1639 Ne
232 1605 272 1639 tua
279 1591 425 1639 marcescant
436 1607 476 1655 per
486 1593 572 1638 inertes
582 1593 633 1639 otia
643 1592 758 1650 somnos,

136 1702 142 1709 -
213 1665 306 1716 Lucida
316 1667 393 1716 Pierii
402 1666 481 1716 tendis
490 1671 515 1716 in
526 1668 586 1716 astra
594 1668 643 1717 vii.

176 1740 239 1790 Haec
250 1758 346 1808 quoque
354 1759 390 1791 res
400 1741 492 1807 aliquid
503 1756 583 1792 tecum
595 1744 654 1791 mihi
666 1742 763 1795 fuderis
773 1742 843 1794 affert
857 1762 862 1790 :

212 1817 325 1883 Ejusdem
337 1822 395 1868 sacri
404 1820 482 1869 cultor
491 1835 589 1887 uterque
597 1822 686 1870 sumus.

180 1893 220 1944 Ad
226 1911 307 1945 vatem
317 1911 382 1946 vates
392 1900 485 1946 orantia
497 1900 595 1947 brachia
602 1896 675 1951 tendo
685 1932 695 1959 ‚
912 1906 943 1960 65

214 1970 288 2021 Terra
298 1976 329 2021 sit
339 1968 463 2024 ersfliisut
474 1988 514 2021 tua
524 1973 572 2022 fida
585 1978 653 2023 meis.

180 2046 240 2096 Nou
248 2064 293 2113 ego
303 2048 368 2098 caede
379 2066 468 2098 nocens
482 2052 508 2099 in
518 2052 619 2099 Pontica
630 2052 700 2101 litora
710 2054 780 2112 veni;

214 2124 321 2176 Mirtave
330 2128 385 2176 sunt
395 2127 474 2176 nostri
486 2126 537 2177 dira
543 2145 634 2177 venena
644 2146 730 2179 manu:

182 2201 234 2250 Nec
247 2220 300 2252 mea
310 2204 413 2271 subjeiid
424 2207 532 2255 considis
542 2205 574 2253 esi
583 2221 678 2270 gemma
689 2204 777 2255 tabells

213 2280 355 2331 Mendacem
372 2282 426 2331 linis
438 2280 576 2347 imposuisse
589 2298 682 2333 notam.
911 2298 943 2340 70

182 2358 232 2409 Nec
245 2358 393 2425 quidquam,
409 2358 475 2426 quod
484 2360 536 2425 lege
547 2376 613 2410 veter
625 2363 794 2420 committere,
810 2361 866 2411 feci.

212 2437 243 2486 Et
253 2452 333 2487 tamen
340 2441 376 2487 his
387 2441 481 2503 gravior
488 2454 551 2486 noxa
560 2436 657 2489 fatenda
668 2440 729 2487 mihi
736 2438 777 2487 est.

182 2514 247 2565 Neve
258 2531 326 2579 roges
336 2514 395 2580 quid
405 2519 436 2564 sit
445 2533 453 2574 3
463 2515 559 2566 stultam
568 2518 751 2581 conscripsimus
763 2514 846 2565 Artem
856 2534 863 2565 s

211 2592 328 2641 innocuas
335 2594 405 2640 nobis
414 2594 464 2639 haec
472 2607 538 2641 vetat
548 2592 593 2641 esic
603 2608 696 2643 marrus.

183 2665 274 2733 Ecquid
285 2683 396 2731 praterea
405 2672 541 2733 peccarim,
554 2686 657 2734 quaerere
669 2669 738 2731 noli,
909 2687 939 2733 75

213 2744 247 2794 Ut
255 2738 327 2793 lateat
338 2744 388 2793 soli
400 2744 471 2809 culpe
481 2745 524 2793 sub
538 2749 594 2795 Arte
606 2763 667 2797 mea.

183 2819 302 2887 Quicquid
311 2819 338 2870 id
349 2820 399 2880 est,
412 2823 484 2870 habui
495 2821 644 2873 moderatam
656 2823 758 2874 vindicis
768 2828 826 2877 iram
838 2848 846 2876 s

215 2898 281 2961 Qui,
296 2901 341 2947 nisi
357 2899 479 2953 natalem.
501 2900 536 2949 nil
549 2903 610 2949 mihi
626 2899 713 2951 demsit
721 2938 730 2963 ,
745 2906 857 2954 humum.

183 2976 231 3028 Hac
244 2980 359 3042 quoniam
369 2993 455 3035 carros
468 2992 509 3027 tua
519 2993 581 3027 nuuc
592 2981 680 3030 vicinia
690 2981 794 3046 praestet5

214 3054 292 3106 inviso
301 3056 391 3119 possim
404 3069 469 3104 tutus
480 3070 507 3105 ut
523 3052 570 3105 effe
586 3056 652 3108 loco.
781 3049 783 3055 ¹
910 3064 942 3113 uo

709 3136 732 3183 0
748 3151 764 3187 v
