2325 3959
243 392 386 459 Enrsr.
404 366 631 487 n'rrPonno
645 388 683 459 L.
699 390 770 456 ΙΙΙ.
821 402 883 477 343
963 481 965 488 Ι

151 502 220 555 Nec
240 507 315 557 scelus
336 505 469 567 admittas,
491 508 510 554 si
526 504 791 565 consolerisamicum,
885 507 889 515 '

198 585 321 635 Mollibus
340 589 366 634 dt
384 586 462 635 verbis
479 586 559 649 aspera
576 582 627 632 fata
645 582 717 631 leves.

160 658 242 721 Cur,
259 661 317 712 dum
329 678 381 713 tuta
392 666 478 721 times,
499 662 558 711 facis
574 676 602 711 ut
615 663 747 712 reverentia
761 660 814 710 talis
885 674 888 677 ’
906 684 932 731 ¹5

198 740 256 788 fiat
271 744 298 788 in
314 741 429 806 Augustos
446 738 564 790 invidiosa
579 741 664 789 Deos?

160 814 287 867 fulminis
305 818 398 869 afflatos
414 816 536 867 interdurn
552 821 633 867 vivete
650 817 704 866 telis

198 894 334 956 Vidimus,
352 900 378 946 &
396 894 477 952 refici,
494 912 543 946 non
561 897 703 959 prohibente
713 894 781 944 Jove.

160 972 240 1033 Nec,
262 978 318 1040 quia
335 974 460 1039 Neptunus
478 990 563 1024 navem
583 974 698 1023 lacerarat
713 973 824 1035 ulyssis,

165 1054 167 1059 '
195 1052 335 1101 Leucoth'e'e
351 1056 420 1102 nanti
438 1053 498 1101 ferre
514 1056 611 1118 negavit
623 1068 705 1117 opem.
903 1076 933 1109 to

136 1128 143 1130 ’
164 1127 247 1181 Crede
263 1133 338 1191 mihi,
357 1134 450 1181 miseris
464 1131 567 1181 colestia
584 1133 685 1180 numina
701 1144 824 1196 pareuntr

194 1208 248 1258 Nec
263 1211 354 1274 semper
367 1209 449 1269 laesos,
462 1213 485 1259 δι
499 1212 550 1258 sine
561 1206 628 1268 fine,
645 1221 767 1274 premunt.

163 1284 274 1351 Principe
290 1304 334 1336 nec
350 1287 431 1336 nostro
448 1286 513 1335 Deus
527 1286 560 1335 est
575 1286 722 1337 moderatior
733 1284 816 1334 nilus:

193 1364 288 1413 Justtut
303 1368 364 1414 vires
383 1379 500 1429 temperet
515 1363 557 1412 ille
575 1366 636 1413 sues.

162 1440 247 1507 Nuper
260 1458 313 1493 earn
328 1442 410 1494 Caesar
424 1442 486 1491 festo
496 1440 527 1491 de
543 1458 664 1492 marmore
675 1441 784 1505 templus
899 1465 926 1511 ²5

195 1521 249 1569 Jarn
265 1519 359 1586 pridem
374 1522 454 1586 posuit
468 1523 556 1569 mentis
571 1524 598 1569 in
615 1518 667 1570 ede
683 1521 738 1568 sua.

159 1596 267 1663 iuppiter
286 1600 313 1647 in
329 1598 419 1649 multos
438 1601 561 1649 temeraria
579 1598 684 1649 fulmina
701 1610 814 1665 torquet,
904 1630 909 1637 ·

195 1677 243 1737 Qui
255 1694 351 1742 poenam
361 1678 433 1743 culpi
443 1694 493 1727 non
506 1694 614 1727 meruere
624 1679 687 1743 pati.

159 1752 272 1805 Obruerit
291 1758 357 1812 stevit
377 1754 433 1805 etim
452 1768 488 1805 tot
506 1756 571 1813 Deus
589 1757 692 1822 equoris
708 1752 794 1814 undis,

191 1829 226 1877 Ex
236 1829 284 1877 illis
296 1834 372 1895 mergi
383 1847 435 1894 pars
447 1845 522 1895 quota
532 1828 606 1895 digna
617 1830 682 1879 fuiti
896 1846 928 1891 30

163 1905 228 1958 Ctim
244 1922 340 1971 pereant
352 1910 401 1956 acie
418 1907 549 1958 fortissime
564 1924 684 1973 quaque,
701 1906 743 1954 sub
756 1905 808 1969 ipso

193 1981 294 2041 iudice,
312 1980 415 2031 delesius
432 1985 517 2032 Martis
535 1986 631 2047 iniquus
648 1986 702 2031 etit.

161 2058 212 2116 At,
228 2062 247 2107 ti
266 2059 328 2108 forte
339 2060 399 2109 veiis
414 2062 440 2107 in
454 2076 498 2109 nos
512 2063 652 2125 inquirere,
667 2074 740 2109 nemo
758 2058 791 2110 est

191 2135 240 2196 Qut
257 2138 300 2196 se,
319 2134 386 2201 quod
400 2142 508 2202 patitur,
526 2134 694 2187 commeruisse
711 2152 791 2202 neget.

162 2212 242 2273 Adde,
254 2211 320 2280 quod
332 2215 455 2265 exstinsios
465 2216 505 2265 vel
517 2216 594 2281 aqui,
604 2214 645 2266 vel
656 2215 751 2276 Marte,
761 2215 800 2265 vel
811 2218 875 2281 igni,
896 2235 923 2279 35

107 2313 119 2321 ·
191 2292 265 2342 Nulla
275 2292 352 2357 potest
362 2295 450 2343 iterum
461 2290 585 2343 restituisse
595 2290 656 2344 dies.

100 2409 103 2415 .
160 2370 268 2435 Restituit
280 2371 386 2427 multos,
399 2386 440 2421 aut
454 2388 532 2437 pcenae
549 2387 616 2437 parte
634 2372 724 2421 levavit

190 2448 290 2508 Caesat3
313 2453 338 2500 δι
358 2452 385 2501 in
401 2450 485 2499 multis
500 2467 540 2499 me
556 2450 617 2501 velit
633 2448 694 2508 effe,
715 2464 808 2514 precor.

99 2520 104 2526 ’
161 2524 197 2577 An
218 2541 263 2584 tu,
285 2526 341 2576 crim
357 2527 400 2576 tali
410 2528 513 2592 populus
529 2530 571 2577 sub
589 2530 698 2593 Principe
718 2530 807 2588 timus,

189 2601 306 2667 Alioquio
324 2603 421 2669 profugi
436 2603 513 2655 credis
525 2604 599 2656 tneffe
613 2610 726 2657 metunt?
889 2638 923 2681 40

161 2677 267 2729 Forsitan
285 2681 334 2729 hec
349 2677 450 2731 domino
465 2682 572 2732 Busiride
583 2686 642 2748 'jure
661 2687 772 2746 timeres,

193 2755 240 2806 Aut
256 2756 329 2808 solito
344 2757 436 2808 clausos
454 2776 521 2809 urere
543 2764 568 2810 in
589 2779 634 2811 aete
652 2766 724 2813 viros.

158 2832 244 2901 Desine
264 2837 349 2884 mitent
366 2840 472 2886 animum
491 2855 554 2887 vano
574 2839 690 2890 infamare
707 2829 811 2892 timore(

189 2914 254 2961 Saevt
270 2910 329 2977 quid
345 2916 371 2961 in
387 2912 489 2978 placidis
506 2918 559 2965 saxa
579 2922 667 2969 vereris
688 2923 771 2986 aquis?

157 2989 207 3059 ipse
227 3004 287 3054 ego,
303 2989 370 3057 quod
382 2992 460 3058 ptimd
473 2996 552 3059 scripsi
564 2998 615 3046 sine
625 3002 724 3049 nomine
733 2999 818 3059 vobis,
884 3017 914 3067 45

189 3068 234 3121 vix
253 3070 357 3121 excusari
368 3069 442 3138 posse
455 3074 517 3125 mihi
532 3072 630 3128 ¹videor.
677 3110 742 3199 Π,
