2325 3959
255 417 321 490 228
348 414 392 482 P.
407 415 533 486 Orrn.
547 419 650 488 NAs.
670 422 808 491 Turer.
824 421 941 492 LIII.

291 532 316 579 ln
327 531 410 596 populi
421 531 555 599 quidquam
569 539 588 584 si
603 551 684 586 ramen
694 555 741 586 ore.
747 543 795 588 mei
807 538 848 588 est.

207 613 233 662 25
255 605 307 656 Hoc
324 625 420 675 quoque
436 613 516 660 nescio
527 612 586 678 quid
595 616 679 663 nostris
688 631 782 680 appone
798 615 905 675 libellis,

285 685 386 736 Diverso
396 687 493 738 mill'um
504 690 570 755 quod
581 695 624 740 ribi
632 693 662 742 ab
671 695 728 742 orbe
740 696 814 744 venit.

253 763 326 824 Quod
343 768 488 834 quicumque
499 767 562 833 leget
573 804 581 829 ‚
594 773 613 818 si
629 775 681 835 quis
696 771 776 836 leget,
788 771 886 820 aestirner
898 785 965 831 ante,

285 841 457 908 Composirum
470 863 519 911 quo
533 850 563 896 sit
574 863 696 912 tempore,
707 865 804 914 quoque
818 848 882 898 loco.

253 917 343 985 lfquus
355 923 399 970 erit
410 924 515 987 scriptis,
530 941 634 989 quorum
648 928 789 990 cognouerit
798 921 844 974 ell'e

205 1000 236 1045 30
284 997 399 1046 Exsilium
410 1014 518 1064 tempus,
528 1003 707 1067 barbariemque
717 1002 808 1051 locum.

252 1073 325 1138 lnque
334 1089 371 1124 tot
383 1074 485 1125 adversis
497 1095 592 1127 carmen
603 1081 728 1129 mirabitur
739 1081 817 1130 ullum

285 1151 378 1201 Ducere
389 1169 428 1201 me
440 1154 497 1202 tristi
506 1152 636 1204 sustinuill'e
646 1173 727 1206 manu.

252 1229 376 1294 Ingenium
391 1231 481 1298 fregere
491 1249 573 1282 meum
584 1234 665 1283 mala:
679 1239 745 1302 cujus
760 1239 784 1284 ὃ(
800 1251 855 1288 ante

284 1309 345 1358 Fons
357 1309 513 1370 infecundus,
525 1328 644 1377 parvaque
655 1329 714 1361 vena
724 1312 780 1362 fuit.
806 1347 814 1362 .

205 1400 231 1445 35
251 1383 297 1435 Sed
306 1403 462 1453 quecumque
475 1388 535 1448 fuit,
547 1390 617 1439 nullo
625 1406 763 1451 exercente,
774 1391 863 1456 refugit
870 1424 880 1452 ,

283 1463 314 1513 Et
324 1464 398 1531 longo
411 1470 481 1531 periit
491 1466 556 1516 arida
566 1467 627 1516 faur
637 1471 693 1517 situ.

250 1539 309 1592 Non
319 1547 358 1594 hic
372 1545 489 1594 librorum
501 1579 509 1604 ‚
521 1561 563 1610 per
570 1563 631 1610 quoe
639 1549 725 1596 inviter
734 1546 847 1612 alatque,

283 1619 375 1686 Copiae
384 1638 429 1688 pro
442 1623 508 1672 libris
519 1639 586 1671 arcus
599 1627 623 1671 δι
633 1639 700 1673 arma
715 1625 808 1673 sonant.

250 1694 338 1745 Nullus
348 1701 374 1748 in
387 1702 431 1749 hac
443 1699 521 1758 terri,
534 1703 632 1750 recitem
649 1704 668 1749 ri
676 1705 796 1757 carmina,
807 1704 874 1767 cujus

201 1785 234 1829 4ο
283 1773 548 1826 lnrellesturismuribus
563 1793 633 1837 utar,
651 1777 723 1827 adest.

251 1849 318 1914 Nec,
331 1851 381 1918 qud
396 1851 503 1904 secedam
516 1889 524 1914 ,
537 1853 606 1903 locus
612 1855 645 1904 est
656 1874 662 1904 ι
674 1854 780 1906 cullorlia
788 1860 851 1905 muri

281 1930 412 1980 Submovet
422 1931 518 1981 infestor
529 1967 537 1992 ,
554 1930 679 1997 clausaque
689 1948 774 1998 porta,
793 1935 880 1984 Geras:

250 2005 261 2073 (
267 2007 332 2072 Saepe
340 2005 440 2074 aliquod
450 2009 548 2060 verbum
556 2025 647 2073 quero,
659 2025 805 2075 nomenque,
814 2010 960 2077 locumquee

281 2085 333 2134 Nec
343 2089 468 2152 quisquam
479 2087 525 2146 eli,
537 2103 551 2136 a
561 2102 610 2151 quo
620 2089 706 2135 certior
717 2083 763 2135 effe
774 2089 888 2154 queam.)

109 2191 113 2198 ι
198 2178 228 2225 45
249 2159 334 2212 Dicere
345 2165 404 2230 sape
420 2162 512 2230 aliquid
524 2167 637 2222 conanti,
657 2178 724 2228 turpe
741 2164 825 2224 fateri,

280 2241 359 2292 Verba
370 2244 429 2291 mihi
442 2239 543 2300 desunt3
563 2238 717 2306 dedidicique
728 2241 805 2306 loqui.

248 2318 364 2366 Threicio
378 2321 542 2383 Scythicoque
554 2317 603 2366 fere
613 2320 778 2368 circumsonor
787 2336 843 2369 orez

279 2395 309 2444 Er
320 2394 403 2446 videor
413 2396 503 2445 Geticis
514 2396 614 2443 seribere
624 2393 691 2460 polle
701 2395 790 2446 modin.
822 2435 825 2441 ,

246 2472 326 2524 Crede
338 2475 414 2522 mihi:
426 2475 501 2520 timeo
513 2488 546 2532 ne
554 2472 601 2520 sint
611 2475 723 2522 immixta
734 2473 837 2528 latinis.

202 2565 231 2610 50
280 2555 354 2620 Inque
366 2555 424 2602 meir
434 2553 525 2616 scriptis
539 2552 639 2600 Pontica
648 2553 721 2601 verba
733 2552 805 2617 legar.

248 2632 454 2695 Qualemcumque
465 2631 537 2693 igitur
550 2630 622 2679 venii
633 2626 732 2693 dignare
744 2628 855 2680 libellum
868 2649 875 2680 r

279 2713 352 2760 Sertis
363 2713 387 2760 uc
403 2711 485 2763 excusa
496 2706 636 2760 conditione
645 2723 714 2758 men.
