2325 3959
298 365 364 444 176
436 357 481 428 Ρ.
503 359 661 427 Orrorr
681 363 898 429 NAsours'

325 479 445 546 Parvaque
455 495 516 546 quot
527 483 602 530 siccus
616 498 717 548 corpora
724 482 806 548 pulvis
814 483 904 531 habet.

292 557 418 622 Multaque
430 555 539 608 credibili
552 559 650 609 tulimus
661 564 753 624 majora
765 579 771 607 r
783 574 937 624 ratamque,

245 637 275 684 50
324 635 440 696 Quamvis
451 636 581 687 acciderint
593 674 602 697 ,
613 655 663 687 uon
672 639 782 688 habitura
791 635 884 686 fidem.

292 715 346 763 Pars
358 717 431 763 etiarn
441 731 536 764 mecum
548 714 658 782 quedam
670 719 787 765 moriatur
793 730 920 779 oportet,

324 793 413 859 Meque
423 828 432 852 ‚
441 793 515 844 velim
526 798 621 859 possit,
634 793 800 844 dissimulante
812 829 820 853 ,
833 795 903 858 tegi.

292 873 317 920 Si
326 888 373 920 vox
379 874 404 920 in
415 871 494 936 fragili
502 874 563 922 milri
574 875 667 938 pestort
676 871 769 921 firmior
775 887 834 930 aere,

325 950 442 1015 Pluraque
454 966 508 999 cum
518 950 605 1014 linguis
611 950 769 1014 pluribusora
779 948 866 998 forent
875 965 887 1006 ς

246 1029 255 1073 5
264 1029 273 1074 5
294 1025 350 1076 Non
363 1040 444 1074 tamen
452 1023 543 1076 idcirco
553 1026 723 1091 compleuerer
733 1028 818 1076 omnia
827 1027 913 1075 verbis
922 1057 934 1085 ,

325 1103 428 1154 Materii
440 1107 502 1154 vires
513 1107 666 1169 exsuperante
676 1121 750 1155 meos.

293 1182 340 1230 Pro
351 1179 411 1231 duce
422 1181 531 1242 Neritio,
540 1181 622 1243 dour,
634 1182 698 1233 mala
704 1182 782 1232 nostra
793 1217 803 1242 ,
815 1183 921 1245 Po'e'toe,

326 1261 425 1308 Scribite
433 1279 439 1310 r
448 1259 542 1310 Neritio
553 1278 610 1309 uam
621 1261 686 1310 mala
694 1260 761 1325 plura
776 1260 832 1308 tuli.

295 1335 338 1386 llle
348 1372 356 1396 ,
368 1338 433 1386 brevi
445 1339 537 1402 spatio,
547 1337 630 1386 multis
640 1339 726 1387 erravit
736 1341 762 1386 in
772 1340 842 1386 annis
850 1371 864 1398 ,

248 1421 279 1459 ⁶0
327 1416 392 1465 inter
404 1415 528 1465 Dulichias
537 1414 666 1481 Iliacasque
675 1413 771 1464 domos.

296 1493 346 1543 Nos
359 1527 367 1552 ‚
378 1492 439 1542 freta
449 1491 565 1543 sideribus
577 1496 642 1542 notit
652 1491 762 1542 diiinrrtia
772 1493 892 1547 mensos,

327 1573 381 1621 Sors
397 1571 489 1621 tulitin
500 1571 599 1621 Geticos
609 1572 798 1637 Sarmaticosque
805 1573 887 1618 sinus.

295 1649 340 1698 Ille
350 1650 434 1699 habuit
445 1647 565 1715 fidamque
576 1665 675 1698 manum
685 1683 693 1708 ,
706 1651 832 1714 sociosque
842 1645 934 1698 fideles
943 1663 955 1708 3

328 1729 369 1777 Me
379 1728 509 1794 profugum
520 1725 750 1776 comiteideseruere
759 1729 817 1774 mei.

250 1803 276 1853 ⁶5
297 1806 341 1855 llle
353 1808 418 1856 suam
429 1805 496 1856 laerus
506 1809 608 1871 patriam
618 1807 740 1870 vitiorque
751 1805 856 1869 petebat.

329 1886 349 1932 A
361 1887 436 1948 putria
444 1883 513 1947 fugio
521 1885 598 1934 riuus
610 1886 635 1931 δι
646 1882 711 1931 exsul
721 1897 777 1946 ego.

269 2000 271 2003 .
296 1961 348 2013 Nec
360 1963 419 2010 mihi
430 1961 572 2010 Dulichium
585 1957 671 2008 domus
681 1958 727 2017 tsi,
739 1959 867 2018 Ithaceve,
882 1959 1000 2017 Samene,

330 2041 403 2089 Poerra
414 2042 500 2106 quibus
509 2055 560 2088 non
570 2041 603 2088 eli
611 2036 707 2103 grandis
718 2034 795 2086 abefft
808 2025 872 2086 lotis
882 2055 892 2095 3

297 2114 343 2165 Sed
358 2133 411 2182 quae
421 2115 451 2165 de
460 2118 551 2181 septem
563 2131 642 2165 toturn
652 2115 812 2178 circumspicit
822 2115 916 2164 orbem

249 2203 281 2247 7Ο
330 2195 473 2253 Montibus,
491 2197 586 2259 imperii
596 2194 675 2242 Roma
684 2192 811 2257 Derimque
822 2191 905 2242 locus.

297 2271 336 2320 llli
347 2289 431 2336 corpus
443 2287 493 2322 erat
503 2270 590 2321 durum
601 2275 738 2336 patiensque
750 2270 860 2318 laborum
873 2287 885 2328 ·,

236 2387 238 2392 .
330 2347 442 2406 quvalidae
459 2351 520 2398 vires
537 2352 692 2414 ingenueque
703 2350 772 2396 milri.

298 2425 342 2474 llle
354 2441 403 2475 erat
414 2424 504 2475 assidui
518 2427 585 2474 saevis
593 2429 694 2490 agitatus
703 2429 729 2474 irr
740 2425 811 2472 irruis
818 2441 828 2483 ;

332 2500 439 2553 Affuerus
454 2503 534 2553 studiis
545 2503 660 2568 mollibus
670 2505 718 2568 ipse
727 2503 772 2552 fui.

249 2593 278 2642 75
298 2569 419 2631 Me'Deus
436 2585 566 2646 oppressit,
577 2581 647 2630 nullo
658 2581 723 2630 mala
732 2581 810 2631 nostra
819 2581 934 2646 levante3

330 2657 443 2710 Bellatrix
459 2659 495 2710 illi
509 2660 572 2710 Diva
583 2659 674 2708 ferebat
684 2677 765 2724 opem.

299 2736 412 2803 Cumque
426 2741 506 2787 minor
513 2739 573 2789 Jove
583 2740 628 2796 sit,
642 2735 740 2786 tumidis
747 2740 791 2803 qui
799 2754 886 2804 regnat
896 2745 925 2792 iu
934 2744 1019 2806 undis)

332 2816 405 2863 illurn
422 2815 542 2880 Neptuni,
557 2833 596 2866 me
608 2816 688 2871 iovis,
700 2818 736 2865 ira
743 2820 839 2880 premit.

299 2891 367 2942 Adde
379 2927 386 2951 ,
400 2891 466 2959 quod
477 2894 540 2943 illius
548 2911 601 2960 pars
609 2894 774 2945 muimafidia
783 2895 895 2946 laborum
907 2899 964 2960 est,

251 2980 283 3027 to
334 2972 434 3022 Ponitur
445 2974 470 3019 in
485 2971 569 3022 uostris
580 2972 661 3022 fabula
671 2974 738 3023 nulla
747 2972 828 3024 malis.

299 3050 409 3118 Denique
421 3052 531 3118 quaesitos
540 3055 622 3120 tetigit
632 3067 712 3104 tamen
722 3051 764 3104 ille
774 3053 891 3114 Penates,
924 3074 928 3082 ·
1009 3101 1013 3108 .
