2325 3959
209 383 351 451 Errsr.
379 392 437 450 nx
459 381 613 452 Pouro
638 385 675 453 L.
702 388 732 457 I.
774 390 841 473 287

155 503 232 563 *Quas
248 522 262 553 a
279 521 317 555 me
328 503 417 556 veliem
428 508 480 555 uon
494 503 614 555 didiciss'et
627 506 712 556 Amor.

132 580 178 629 iiie
190 580 291 633 domum
306 582 394 632 rediit:
406 600 451 633 nos
465 586 502 633 his
518 587 650 635 moriemur
662 588 687 635 in
701 586 778 645 arvis,
868 610 870 615 ·

167 661 296 710 Perstiterit
313 661 361 710 laesi
374 666 393 710 si
407 664 484 726 gravis
499 665 534 712 ira
547 662 603 712 Dei.

133 737 224 787 Durius
237 740 270 789 est
283 743 355 804 igitur
369 740 495 800 nostrum,
512 738 628 789 fidissima
640 742 744 805 conjux,

168 816 215 864 1110
227 850 235 875 ,
252 814 320 882 quod
329 806 401 865 subiit
412 818 500 869 AEsone
510 833 597 876 natus,
616 833 685 867 onus.

135 894 172 943 Te
189 910 286 960 quoque
299 929 309 955 ,
325 910 399 961 quarn
412 899 524 959 juvenem
535 892 659 944 discedens
670 893 734 942 Urbe
744 894 846 960 reliqui,

167 971 291 1023 Credibile
303 973 336 1021 est
344 973 428 1022 nostris
442 970 567 1021 insenuiffe
577 972 656 1024 maiis.

134 1051 158 1100 O
169 1052 176 1099 i
196 1067 259 1115 ego,
277 1050 312 1099 Di
326 1051 415 1100 faciant
425 1086 435 1111 ,
446 1051 519 1099 talem
533 1066 556 1101 te
565 1067 660 1100 cernere
670 1052 759 1115 possim
769 1082 778 1110 ,

167 1128 277 1195 Careque
291 1129 486 1178 mutetis'oscula
503 1128 563 1178 ferre
579 1128 659 1193 genis!
867 1135 899 1183 5⁰

133 1207 298 1273 Amplestique
310 1210 369 1255 meis
385 1224 472 1271 corpus
487 1224 538 1257 nou
558 1212 646 1271 pingue
662 1206 773 1263 lacertis,

168 1285 213 1342 Ec,
226 1285 321 1333 Gracile
332 1288 378 1333 hoc
389 1284 465 1339 fecit,
479 1282 558 1333 dicere
569 1319 577 1343 ,
589 1300 646 1332 cura
655 1284 717 1333 snei!

133 1361 166 1410 Et
181 1376 274 1411 narrare
290 1378 356 1409 meos
369 1360 437 1410 flenti
448 1360 507 1410 flens
516 1364 565 1425 ipse
573 1361 685 1419 labores,

166 1441 265 1501 sperato
276 1454 409 1504 numquam
419 1438 593 1504 colloquioque
606 1438 653 1487 frui
664 1438 671 1486 i

132 1515 246 1579 Turaque
257 1513 388 1565 Cesaribus
398 1532 454 1565 cum
465 1521 568 1581 conjuge
579 1514 672 1565 Caesare
684 1514 773 1580 digni,

165 1590 212 1639 Dis
228 1593 307 1653 veris,
327 1596 432 1643 memori
443 1591 525 1643 debite
534 1592 595 1641 ferre
607 1593 694 1643 mauu!
792 1640 795 1647 ,
852 1619 855 1627 v

132 1670 273 1719 Memnonis
289 1672 351 1720 hanc
362 1674 474 1732 utimur,
487 1671 562 1720 lenito
572 1670 698 1735 Principe,
711 1686 787 1721 mater
820 1681 821 1685 ’

166 1748 249 1810 Quim
258 1748 363 1813 primum
372 1752 442 1800 roseo
452 1764 568 1816 provocet
578 1766 620 1797 ore
630 1747 695 1798 diem
706 1754 711 1801 Ξ
787 1804 788 1807 ,

147 1887 849 1948 eoessmmmi

283 2022 623 2085 EPISTOLA
663 2024 703 2083 V.

346 2143 645 2205 ΜΑΧΙΜΟ.

137 2237 238 2354 Ince
254 2318 307 2353 tuos
318 2302 443 2370 quondam
454 2321 504 2354 non
514 2304 613 2354 ultimus
624 2308 685 2354 inter
696 2307 786 2355 amicos
798 2341 806 2365 ‚
840 2366 842 2372 Ι

172 2384 207 2432 Ut
220 2386 261 2431 sua
275 2384 348 2434 verbu
363 2383 443 2448 legas,
457 2383 577 2443 Maxime,
594 2383 660 2432 Naso
675 2398 752 2448 rogat.

135 2462 164 2512 ln
179 2462 264 2528 quibus
278 2462 401 2526 ingenium
412 2459 494 2511 desiste
504 2465 622 2529 requirere
632 2461 759 2521 nostrum,

170 2541 268 2589 Nescius
279 2540 353 2588 exsilii
361 2556 391 2588 ne
400 2537 495 2588 videare
508 2544 565 2589 mei.

138 2616 241 2675 Cernis,
252 2631 280 2665 ut
288 2618 402 2681 ignavum
412 2632 567 2681 corrumpant
576 2619 627 2666 oria
637 2632 736 2681 corpus:
870 2634 881 2679 ς

174 2694 208 2743 Ut
224 2696 319 2758 capiant
334 2696 438 2752 virium,
454 2693 480 2741 ni
495 2709 650 2752 moveantur,
662 2710 738 2759 aquae.

140 2773 172 2822 Er
186 2774 246 2821 mihi
263 2774 283 2819 si
297 2773 351 2836 quis
363 2786 414 2820 erat
425 2769 529 2820 ducendi
539 2774 653 2821 carminis
664 2773 732 2831 usus,

174 2849 280 2908 Deficit,
298 2849 376 2915 estque
391 2852 470 2897 minor
484 2848 557 2898 fabius
568 2852 643 2898 inerte
654 2853 708 2898 situ.

141 2930 199 2980 Haec
206 2944 366 2994 quoque‚quae
373 2927 461 2992 legitis,
469 2930 487 2975 si
496 2925 638 2993 quodmihi,
644 2928 760 2987 Maxime,
767 2927 852 2985 credis,

174 3007 303 3055 Scribimus
316 3007 392 3058 inviti
402 3040 409 3064 ,
420 3007 506 3071 vixque
517 3006 613 3064 coede,
626 3018 707 3053 manu.
874 3034 904 3066 ω

142 3086 200 3137 Non
211 3086 270 3134 libet
279 3088 306 3133 in
318 3084 376 3135 tales
386 3086 494 3135 animum
504 3081 648 3133 contendere
658 3100 724 3133 curas
734 3100 742 3140 ς
801 3122 803 3131 r
