2325 3959
273 402 337 466 188
413 396 456 464 Ρ.
486 351 642 462 Orruit
660 397 869 463 NAeours«

235 559 236 562 ,
268 519 349 584 thue
361 533 415 567 tuus
426 517 514 582 gaudet
523 516 609 575 miles,
619 515 686 582 quod
695 519 779 566 vicerit
789 515 897 571 hostemi
987 562 991 566 Α

222 599 252 650 50
300 598 352 650 Sic,
369 598 458 646 vidium
471 611 512 643 cur
522 597 545 642 se
556 593 674 659 gaudeat,
686 595 759 644 hostia
766 597 846 642 habet.
922 611 926 616 ’

269 673 347 724 Causa
357 691 411 722 mea
421 673 453 724 est
464 672 550 722 melior
561 690 567 720 ι
585 675 627 737 qui
635 689 678 720 nee
686 673 804 722 contraria
814 669 884 721 dicor
895 715 898 721 ,

302 753 389 810 Arma,
406 766 449 799 nee
461 749 557 800 hostilet
567 747 614 798 effe
627 751 719 798 secutur
729 765 794 814 opes.

270 829 404 888 Perenne,
421 845 461 894 per
480 843 567 886 terras,
587 843 628 892 per
639 830 710 885 tertia
718 830 817 876 numine
829 829 900 891 juro,

302 906 346 954 Per
357 921 379 954 te
390 909 527 970 presentem
538 907 740 970 conspicuumque
752 905 833 954 Deum
845 922 853 962 3

224 986 250 1034 55
270 981 340 1031 llunc
356 987 463 1032 animum
474 980 556 1032 saville
571 983 634 1040 tibi,
651 983 694 1030 Vir
703 985 807 1031 maxime
818 999 825 1029 e
837 994 942 1045 meque,

303 1059 357 1120 Qui
367 1060 418 1108 soli
429 1063 509 1124 potui,
522 1075 602 1108 mente
612 1056 681 1108 fuiffe
692 1075 770 1108 tuum.

272 1137 360 1201 Optavi
371 1151 460 1200 peteres
470 1137 573 1186 coeleffia
583 1135 660 1186 sidera
669 1135 735 1186 tardi
744 1153 753 1194 3

304 1201 405 1278 Parsque
416 1213 451 1262 fui
463 1216 536 1262 turbae
548 1231 620 1278 parva
629 1216 746 1278 precantis
755 1211 830 1262 idem.

272 1287 346 1354 Etpia
357 1305 409 1340 tura
419 1290 475 1342 dedi
484 1309 527 1357 pro
540 1307 562 1341 te
574 1311 580 1340 ι
593 1308 696 1358 cumque
705 1293 818 1341 omnibus
826 1306 885 1340 unus

224 1359 255 1402 ⁶0
304 1368 355 1432 lpse
366 1385 461 1434 quoque
472 1367 551 1434 adjuvi
562 1369 658 1434 publica
668 1386 727 1421 vota
736 1372 804 1418 meis.

272 1443 335 1503 Quid
350 1445 451 1496 referam
461 1446 552 1509 libros,
569 1448 627 1497 illos
636 1463 748 1513 quoque,
758 1449 859 1496 crimina
867 1445 963 1505 nostre,

304 1523 374 1570 Mille
385 1524 444 1572 loeis
455 1524 537 1589 plenos
545 1526 649 1574 nominis
660 1521 706 1572 effe
715 1526 765 1572 tui?

271 1598 361 1662 Inspice
376 1604 451 1664 majus
463 1595 542 1664 opus'.
557 1598 710 1667 quodadhuc
720 1602 769 1648 sine
780 1598 828 1648 fine
841 1599 927 1666 reliqui
941 1633 950 1659 ,
989 1650 994 1658 ,

306 1676 334 1724 ln
351 1693 400 1725 non
411 1677 542 1726 credendos
552 1695 652 1743 corpote
662 1681 728 1730 versa
738 1675 825 1728 modos
835 1694 845 1734 3

225 1759 253 1812 ⁶5
273 1753 379 1802 Invenies
393 1756 461 1805 vestri
473 1760 591 1819 praeconia
602 1759 707 1805 nominis
717 1756 786 1814 illic3
799 1785 801 1788 ⁴

307 1832 414 1882 invenies
431 1837 505 1883 animi
521 1837 621 1899 pignora
633 1835 710 1884 multa
717 1837 776 1884 mei.
830 1839 834 1843 ’

274 1909 332 1960 Non
343 1927 383 1960 tua
394 1914 537 1962 carminibus
548 1916 626 1977 major
637 1911 665 1961 fit
673 1912 765 1977 gloria,
777 1927 821 1960 nec
830 1910 898 1978 qud,

306 1989 341 2038 Ut
356 1993 434 2054 major
446 1988 503 2049 fiat,
514 1993 616 2040 crescere
628 1992 716 2054 possit,
727 1990 806 2038 habet.

275 2067 347 2116 Fuma
357 2067 412 2119 Jovi
422 2069 522 2131 superest
534 2086 540 2115 r
552 2082 632 2117 tamen
642 2070 706 2117 bunc
716 2069 757 2115 sua
765 2066 915 2118 fauareferrr
926 2100 936 2128 ,

227 2161 258 2205 70
308 2145 338 2196 Et
349 2147 372 2195 se
382 2149 506 2196 materiam
518 2144 696 2207 carminiselle,
705 2150 772 2212 juvat
783 2163 790 2192 t

276 2223 388 2290 Ctlmque
398 2223 509 2290 Gigantii
521 2239 685 2274 memorantur
692 2223 776 2288 proelia
785 2220 843 2270 belli
853 2256 863 2278 ,

308 2301 432 2352 Credibile
442 2302 474 2351 est
484 2303 567 2351 letum
577 2301 687 2352 laudibus
698 2299 744 2351 effe
754 2304 810 2350 suit.

276 2380 311 2428 Te
322 2379 488 2430 celebrantalii
499 2394 590 2444 quanto
601 2378 670 2429 decet
680 2397 738 2439 ore,
752 2394 851 2445 tuasque

256 2503 259 2510 Δ
310 2457 409 2521 ingenio
422 2457 502 2509 laudes
511 2459 620 2507 uberiore
627 2468 736 2507 canunt.¹

228 2556 256 2600 χ,
278 2531 323 2582 Sed
332 2549 425 2592 tamen,
438 2548 464 2582 ut
474 2533 527 2582 fuso
536 2548 658 2584 taurorum
669 2537 782 2599 sanguine
792 2551 905 2598 centurn,

310 2613 348 2658 Sic
359 2613 451 2675 capitur
458 2613 559 2660 minimo
572 2616 630 2661 tutis
639 2615 732 2662 bonore
742 2614 816 2662 Deus.

277 2689 314 2736 Ah
325 2686 386 2734 ferus
397 2687 404 2735 1
417 2691 441 2736 δι
453 2689 630 2748 nobisnirnititn
641 2689 769 2740 crudeliter
776 2692 848 2741 hoiiia
858 2727 869 2753 ,

310 2763 415 2814 Delicias
427 2765 485 2830 legit
493 2768 587 2831 quitibi
598 2784 701 2833 cumque
711 2769 792 2818 meas!
868 2813 872 2820 ,

281 2843 290 2910 (
301 2842 416 2892 Carmina
426 2860 455 2892 ue
464 2844 548 2894 nostris
555 2848 588 2893 sie
599 2849 766 2894 tevenetantie
775 2846 842 2895 libris

233 2921 263 2968 io
313 2922 325 2968 J
328 2914 407 2991 udicio
423 2924 513 2987 possint
527 2920 665 2972 candidiore
676 2922 756 2990 legi.)
832 2988 834 2993 ι

286 2994 339 3047 Esse
352 2997 392 3048 sed
405 3001 467 3048 irato
478 3001 529 3064 quis
541 3015 563 3047 te
576 3003 636 3049 mihi
647 2997 723 3065 pollet
732 3003 843 3054 amicuei

312 3073 358 3129 vix
369 3092 431 3138 nune
442 3078 490 3144 ipse
501 3080 561 3128 mibi
571 3080 824 3154 noninimitusttare.
898 3143 902 3151 ,
959 3124 964 3132 .
