2325 3959
472 417 642 487 Iol&
742 468 745 475 .
852 381 964 501 ης-

239 534 328 606 anpius
341 536 447 591 humano
457 541 545 589 viscere
556 541 622 603 pavit
633 553 716 603 equos.

208 611 245 665 Ut
256 614 304 665 duo
317 613 414 665 diversis
424 617 466 664 sub
477 615 563 665 eodem
573 614 668 665 vindice
679 614 732 662 caesi

241 694 399 758 Temporibus
409 692 491 743 Nessus
502 729 509 753 ,
521 694 700 757 Dexamenique
709 706 791 755 gener.

209 769 244 820 Ut
254 788 387 837 pronepos,
400 773 516 830 Saturne,
531 787 585 821 tuus
595 789 601 817 z
613 786 685 835 quem
697 766 795 818 reddere
805 769 880 818 vitam
928 788 973 838 405

241 850 306 899 Urbe
317 848 452 901 Coronidrr
464 848 526 899 vidit
543 851 571 897 ab
586 851 634 913 ipse
648 847 697 897 sud.

208 928 331 986 Ursinis,
343 932 368 977 bt
380 930 478 985 Sciron,
489 932 512 975 δι
526 943 581 975 cum
599 925 763 989 Polypemone
770 940 856 984 natus,
917 921 919 924 ’

242 1004 337 1070 Quique
347 1006 423 1054 homo
433 1019 498 1068 parre
511 1005 563 1063 sui,
575 1018 641 1067 parte
652 1006 766 1067 juventus
778 1018 837 1051 erat.

212 1082 308 1148 Quique
319 1083 395 1133 trabes
407 1078 493 1146 pressas
508 1083 537 1130 ab
553 1084 629 1129 humo
642 1081 755 1129 mittebat
767 1082 793 1127 in
808 1095 892 1139 aurat,

242 1163 353 1225 AEquoris
365 1162 477 1225 aspiciens
487 1160 556 1225 hujus
569 1162 593 1207 δι
610 1160 679 1223 huJut
692 1174 774 1223 aquas.
926 1174 976 1217 4¹⁰

210 1236 317 1301 Quaeque
329 1236 402 1287 Ceres
413 1236 474 1285 vidit
486 1236 541 1285 laeto
554 1238 675 1301 pereuntia
685 1234 754 1283 vultu

243 1314 354 1379 Corpora
367 1314 458 1363 Thesei
469 1314 610 1377 Cercyonis
620 1331 702 1363 manu.

209 1391 266 1441 Hac
280 1392 341 1452 tibi,
360 1408 431 1457 quern
444 1394 534 1441 meritis
551 1395 660 1457 precibus
675 1408 729 1440 mea
742 1390 845 1444 devovet
862 1395 912 1451 ira,

242 1470 376 1529 Eveniant,
389 1486 428 1519 aut
441 1472 477 1520 his
488 1487 538 1519 non
548 1470 638 1519 leviora
649 1469 728 1518 malis.

211 1545 296 1607 Qualis
309 1546 488 1596 Achemenides
499 1547 578 1596 siculi
590 1545 729 1595 deserturin
740 1544 766 1595 ff
772 1561 828 1606 tna,
933 1564 986 1610 ⁴15.
1076 1593 1077 1596 ,

243 1624 333 1672 Troica
344 1622 399 1673 etim
409 1623 471 1673 vidit
482 1623 535 1673 vela
546 1626 644 1681 venire,
657 1622 713 1672 suit.

210 1698 294 1761 Qualis
304 1714 354 1751 erat
364 1716 407 1750 nec
420 1716 469 1749 non
483 1700 579 1749 fortuna
592 1702 722 1749 binominis
733 1698 764 1748 iri
774 1733 783 1759 ‚

244 1777 339 1841 Quique
352 1794 432 1829 tenent
447 1794 564 1845 pontem,
578 1796 631 1844 quae
644 1782 687 1828 ribi
698 1783 765 1844 peior
776 1782 831 1828 erit.

212 1854 285 1903 filius
297 1859 320 1903 ὅτ
332 1854 426 1907 Cereris
440 1857 524 1906 frustra
536 1858 579 1905 tibi
590 1860 682 1921 semper
692 1871 802 1913 ametur,

243 1930 408 1997 Destituatque
420 1948 470 1981 ruas
483 1950 557 1997 usque
566 1937 655 1996 peritus
664 1951 730 1997 opes.
930 1943 980 1989 420
1076 1917 1077 1946 ³

212 2007 294 2073 thue
305 2044 312 2067 ‚
324 2026 365 2072 per
377 2009 481 2059 alternos
492 2008 557 2057 undd
567 2008 661 2057 labente
672 2011 795 2071 recursus,

245 2088 396 2136 Subtrahitur
413 2084 490 2151 presso
503 2084 585 2135 mollis
599 2102 668 2134 arena
678 2085 753 2151 pedi3

213 2166 251 2215 stc
263 2179 302 2213 tua
311 2165 393 2216 nescio
404 2181 453 2230 quo
465 2166 555 2228 semper
567 2162 664 2212 fortuna
675 2163 806 2228 liquescat,

245 2240 366 2305 Lapsaque.
377 2255 418 2304 per
428 2236 612 2293 medias'effluat
623 2255 696 2303 usque
707 2256 800 2289 manus.

213 2316 293 2383 thue
304 2332 370 2381 pater
381 2316 457 2368 solite
469 2321 543 2365 varias
555 2331 649 2365 murare
664 2314 767 2381 figuras,
905 2334 908 2340 ¹
932 2320 991 2370 425·
1061 2361 1077 2389 n

243 2394 329 2443 Plenus
340 2392 476 2441 inexstinsid
488 2390 599 2441 deficiare
611 2392 684 2441 farne.

213 2472 265 2523 Nec
281 2470 347 2537 dapis
362 2474 470 2522 humane
486 2472 585 2521 subeant
603 2469 697 2523 fastidia
717 2488 723 2519 t
742 2468 837 2535 quique
881 2501 884 2506 -

247 2552 316 2601 Parte
328 2564 412 2613 potes,
424 2546 520 2610 Tydeus
532 2550 646 2611 temporis
657 2550 726 2613 hujus
743 2551 796 2597 eris⁴
815 2558 820 2577 ³
853 2589 857 2596 .

213 2631 291 2696 sitque
302 2625 394 2693 aliquid
405 2626 476 2677 facias
486 2660 494 2685 ,
506 2642 520 2675 a
531 2627 626 2689 vespere
637 2627 715 2673 rursus
725 2623 834 2675 ard-ortus
851 2665 856 2676 .
903 2629 907 2641 ⁴

247 2707 299 2759 Cur
314 2706 438 2754 exsternari
453 2702 515 2751 Solis
533 2716 634 2767 agantur
651 2705 715 2766 equi.
934 2703 981 2747 430

215 2783 289 2835 foeda
302 2784 428 2847 Lycaoniae
442 2796 531 2845 repetes
543 2781 653 2829 convivia
665 2780 769 2838 mense,
814 2825 817 2832 ,

248 2863 407 2925 Tentabisque
425 2861 473 2907 tibi
489 2857 572 2907 saliere
588 2852 671 2911 fraude
686 2856 781 2909 Jovem.
877 2877 883 2900 t

216 2940 298 3005 Teque
310 2939 394 3003 aliquis
404 2940 484 3002 posito
496 2949 572 2985 tentet
581 2936 632 2992 uim
642 2923 747 2989 duminir
756 2949 816 2997 opto
828 2953 838 2981 ι-
852 2971 855 2985 .
881 2957 885 2964 ,

249 3014 386 3077 Tantalides
398 3017 480 3072 tusis,
495 3010 657 3077 Tereidesqut
668 3028 734 3076 puer.
749 3053 771 3068 ,,
812 3076 817 3082 ⁴
851 3058 855 3062 ,

168 3090 170 3097 ⁴
216 3091 249 3143 Er
263 3108 302 3143 tua
315 3096 348 3143 sic
364 3092 427 3145 latos
439 3092 576 3157 spargantur
590 3089 752 3153 membra=per
763 3100 833 3149 agros
841 3119 857 3146 ,,
905 3088 980 3144 ⁶455

768 3166 818 3218 Re
