2325 3959
312 441 593 518 Tarsa-run
625 440 725 513 Lra.
754 440 799 515 V.
845 461 911 533 251

200 566 239 617 sic
250 583 313 633 ego,
331 571 472 618 Sarmaticas
487 567 558 634 longe
569 570 685 633 projedius
696 570 721 616 iri
731 582 798 627 oras,

234 644 319 695 Efficio
332 650 432 695 tacitum
442 662 473 695 ne
483 648 544 694 mihi
556 645 625 694 funus
636 660 683 694 eat.

199 719 305 771 Delicias
316 725 397 789 siquis
408 724 541 789 lascivaque
552 727 658 772 carmina
666 725 769 788 querit,

233 800 373 851 Praemonco
384 815 517 867 numquam
529 803 615 865 scripta
629 798 696 867 quod
706 800 748 849 ista
759 800 831 864 legat.

200 875 287 941 Aptior
292 880 349 927 huic
358 878 456 940 Gallus,
468 876 598 944 blandique
606 879 742 943 Propertius
753 880 812 927 oric:

234 956 334 1019 Aptior,
345 959 468 1021 ingenium
479 973 563 1011 come,
574 956 686 1005 Tibullus
697 958 750 1004 erit.

200 1033 279 1097 Atque
290 1037 382 1085 utinam
389 1051 489 1084 nurnero
499 1050 529 1083 ne
537 1051 580 1083 nos
592 1030 692 1083 effemus
703 1038 728 1082 in
736 1034 793 1083 isto!
847 1096 849 1102 Ι

233 1111 279 1159 Hei
289 1114 350 1161 mihi
361 1114 368 1162 Ξ
381 1129 423 1161 cut
434 1128 548 1178 umquam
560 1112 630 1161 Musa
640 1115 719 1177 jocata
730 1128 783 1160 mea
794 1110 841 1159 esti

200 1186 246 1236 Sed
257 1186 366 1239 dedimus
376 1207 458 1255 ptrnas
465 1208 471 1237 t
478 1192 633 1255 ‘Scythicique
643 1193 668 1239 in
679 1189 766 1239 finibus
777 1190 827 1238 istri

233 1264 276 1313 Ille
285 1268 412 1330 pharetrati
423 1268 487 1316 lusor
497 1270 592 1317 Amoris
602 1268 675 1317 abest.

201 1340 275 1403 Quod
286 1344 399 1407 superest,
412 1348 505 1393 animos
516 1343 547 1393 ad
562 1344 658 1409 publica
670 1348 776 1393 carmina
786 1343 855 1403 flexi,

233 1419 265 1474 Et
275 1436 393 1470 memores
403 1425 459 1486 jussi
470 1424 575 1470 nominis
585 1418 631 1470 effe
642 1422 685 1469 sui.

200 1498 525 1565 Sitameuevobisaliquis‚
541 1514 590 1547 tam
605 1498 699 1557 multa,
716 1500 839 1563 requiret,
868 1518 872 1524 ¹
951 1554 955 1560 .

235 1574 306 1624 Unde
315 1573 420 1626 dolenda
430 1592 530 1635 canamq
542 1576 619 1625 multa
629 1574 734 1633 dolenda
746 1578 800 1625 tuli.

199 1651 257 1702 Non
267 1655 317 1703 haec
329 1656 443 1719 ingenio,
457 1669 506 1703 nou
518 1656 568 1702 haec
583 1658 752 1731 componimus
763 1662 828 1703 arti:

232 1732 334 1781 Materia
347 1732 379 1781 est
387 1735 488 1798 propriis
496 1735 620 1797 ingeniosa
629 1732 708 1781 malis.

199 1809 231 1861 Et
240 1826 315 1876 quota
325 1811 436 1860 Fortuna
446 1826 498 1875 pars
509 1811 542 1859 est
550 1814 576 1859 in
587 1814 691 1859 carmine
699 1810 800 1863 nostrai

233 1887 312 1948 Felix,
324 1892 366 1955 qui
374 1893 477 1954 patitur,
489 1904 542 1954 quae
553 1904 677 1937 numerare
685 1888 761 1937 valet!

132 2015 135 2019 ,
201 1964 268 2025 Quot
279 1966 375 2015 frutices
386 1966 468 2025 silva,
482 1980 543 2030 quot
554 1964 626 2014 flavas
638 1966 717 2014 Tibris
729 1974 825 2019 arenas,

231 2042 321 2091 Mollia
328 2058 389 2108 quot
399 2043 483 2091 Martis
494 2044 602 2107 gramina
611 2056 707 2105 campus
718 2043 789 2089 habet
800 2060 808 2098 3

201 2118 251 2170 Tot
261 2120 325 2169 mala
335 2120 476 2184 pertulimus
485 2137 491 2166 ε
500 2132 605 2184 quorum
617 2116 734 2167 medicina
743 2122 857 2183 quiesque

233 2198 322 2257 Nulla,
334 2200 379 2247 niti
390 2201 414 2246 in
425 2195 502 2246 studio
513 2195 699 2262 Pieridumque,
712 2212 780 2245 mora
788 2196 829 2245 cst.

201 2274 260 2335 Quis
269 2276 330 2331 tibi,
341 2276 422 2334 Naso,
434 2272 520 2324 modus
532 2274 661 2337 lacrymosi
672 2277 783 2323 carminis
794 2276 802 2323 i
815 2276 903 2339 inquis.
936 2294 945 2337 ς
952 2292 963 2338 5

232 2351 299 2403 idem
310 2387 319 2413 ,
333 2354 444 2403 Fortunat
452 2356 494 2417 qui
505 2350 592 2401 modus
601 2354 670 2419 hujus
678 2355 732 2400 erit.

199 2430 273 2491 Quod
281 2428 379 2497 querar,
389 2431 433 2479 ilia
439 2434 499 2479 mihi
511 2431 584 2496 pleno
595 2429 624 2479 de
634 2430 702 2479 fonte
709 2431 840 2481 ministrat:

233 2509 284 2558 Nec
296 2526 349 2559 mea
358 2511 428 2563 sunt,
439 2508 483 2557 fati
493 2510 565 2557 verba
575 2507 617 2557 sed
626 2508 668 2557 illa
677 2512 734 2558 mei.

200 2585 232 2634 At
239 2587 299 2633 mihi
307 2589 325 2633 si
332 2585 386 2633 cati
392 2589 492 2649 patriam
499 2602 554 2635 curn
565 2591 667 2651 conjuge
676 2584 775 2646 reddas,

234 2663 285 2711 Sint
295 2663 374 2712 vultus
382 2664 466 2711 hilares
476 2697 484 2724 ,
494 2665 587 2728 simque
598 2661 664 2729 quod
676 2680 729 2714 ante
740 2665 784 2715 fui.
933 2680 967 2725 aa

200 2741 288 2789 leuior
299 2742 380 2789 invidii
393 2744 412 2788 si
423 2742 454 2789 sit
463 2743 524 2789 mihi
532 2740 633 2789 Casaris
641 2745 693 2801 ira,

233 2816 348 2873 Carmina
359 2817 446 2866 laetitiae
459 2821 508 2882 iam
520 2819 563 2865 tibi
573 2818 644 2882 plena
654 2817 726 2867 dabo.

201 2894 252 2943 Nec
261 2907 341 2943 tamen
352 2909 378 2943 ut
387 2894 443 2944 lusti
455 2928 463 2953 ‚
475 2896 552 2943 rursus
565 2910 619 2944 mea
631 2896 700 2946 litera
710 2897 791 2949 ludet:

233 2973 268 3020 Sit
278 2972 350 3021 semel
360 2973 403 3021 illa
412 2976 469 3037 joco
479 2971 597 3022 luxuriata
607 2975 659 3025 suo.
734 2996 735 3001 ¹

152 3100 157 3113 .
201 3048 275 3109 Quod
281 3051 639 3116 probetlpse‚cauam:po:nae,
651 3052 737 3117 modis,
750 3070 815 3121 parte
826 3058 913 3117 levat-i,
934 3078 962 3123 45

233 3128 724 3198 BarbaticmrigidostffugiamqueGetas.
869 3126 872 3131 ¹

741 3213 760 3273 L
776 3215 800 3278 ni
