2325 3959
329 423 609 492 Turerruu
641 411 741 489 [η.
778 414 807 488 Ι.
864 429 932 506 179

216 539 262 590 Vel
274 542 342 610 quod
352 559 416 592 erern
427 543 509 592 Musas
520 535 528 601 ζ
542 555 569 591 ut
580 543 682 591 crimina
695 541 773 591 nostra
784 576 792 602 ,
805 542 917 607 perosus3

182 648 184 650 ·
248 621 294 670 Vei
303 620 371 688 quod
381 619 459 670 adhuc
470 621 574 668 crescens
586 624 611 669 δι
622 618 681 668 rude
692 635 788 668 carmen
798 635 856 668 erat.

215 697 274 758 Quae
286 703 403 764 quoniam
413 715 463 747 non
474 700 528 749 sunt
539 701 633 763 penitus
647 697 755 754 sublate,
766 695 807 747 sed
817 698 924 758 exstant,

248 775 359 824 Pluribus
369 775 482 840 exemplis
492 777 577 841 scripta
587 773 655 824 fuiise
664 793 727 825 reor.

198 841 202 849 ¹
217 852 289 902 Nunc
301 871 384 918 precor
397 857 512 904 utvivant
525 889 534 914 ‚
553 857 578 903 ἃ
596 871 647 903 non
657 857 743 920 ignava
755 853 875 919 legentfim
951 856 978 905 25

250 932 307 982 Otia
319 931 452 993 deleuerat,
466 931 659 999 admoneantque
672 936 731 991 men

216 1009 269 1060 Nec
283 1015 364 1059 'tamen
380 1009 422 1058 ilie
434 1010 480 1074 iegi
489 1025 602 1074 poterunt
612 998 729 1075 patienter
738 1010 768 1058 ab
779 1009 830 1058 ullo
844 1045 852 1068 ,

248 1087 345 1144 Nesciet
362 1091 400 1137 his
415 1089 533 1138 summanr
545 1092 564 1138 ri
575 1093 628 1155 quir
638 1085 716 1138 abeffe
726 1103 835 1137 manum.

215 1166 330 1216 Ablatum
338 1165 423 1216 mediis
432 1183 493 1230 opus
505 1167 538 1215 est
548 1165 676 1218 incudibus
686 1164 765 1223 iilud;

249 1244 335 1292 Defuit
349 1249 373 1292 δι
388 1247 479 1308 scriptis
491 1245 576 1293 ultime
587 1245 646 1294 lima
658 1249 726 1295 meis.
954 1239 984 1288 3⁰

217 1321 247 1370 Et
257 1325 352 1372 veniam
363 1338 407 1387 pro
416 1319 486 1372 laude
497 1335 554 1386 peto
563 1321 686 1388 :laudetur
694 1321 787 1371 abunde
799 1357 809 1383 ‚

250 1399 309 1466 Nou
320 1397 436 1448 fastiditur
447 1401 467 1447 si
478 1401 522 1448 tibi
535 1434 543 1459 ‚
564 1400 648 1448 Leuor
659 1434 666 1458 ,
679 1417 730 1449 ero.

218 1477 270 1528 Hos
280 1493 375 1542 quoque
384 1478 423 1525 sex
431 1479 509 1526 versus
523 1511 530 1535 ‚
549 1479 573 1524 in
581 1480 653 1542 primi
665 1477 744 1526 fronte
754 1476 830 1533 iiheiu

207 1619 208 1622 Ἴ
251 1558 276 1604 Si
293 1553 466 1620 praeponendos
482 1553 528 1604 effe
541 1542 654 1620 putabis,
672 1557 741 1603 habe.

218 1633 284 1682 Orba
294 1630 390 1698 parente
400 1635 444 1682 suo
455 1636 603 1700 quicumque
613 1634 739 1683 volumina
750 1636 843 1698 tangis3
955 1636 982 1683 Η

252 1711 295 1760 His
307 1711 389 1760 saitem
400 1711 475 1761 vestri
487 1711 556 1760 detur
566 1715 592 1760 in
599 1711 664 1760 Urbe
673 1712 749 1761 locus.

118 1823 119 1826 =
219 1788 322 1856 Qubque
333 1793 407 1854 magis
418 1787 498 1840 faveas
511 1805 578 1850 ‚non
590 1791 644 1839 suut
654 1793 704 1839 haec
712 1789 779 1839 edite
788 1791 818 1838 ab
828 1791 879 1854 ipso
893 1824 901 1846 ‚

251 1867 297 1916 Sed
309 1871 374 1932 quasi
383 1867 411 1916 de
423 1867 516 1916 domini
528 1869 609 1916 iuuere
618 1885 684 1932 rapta
694 1870 739 1916 sui.

219 1943 345 2009 Quidquid
352 1949 377 2006 in
386 1948 421 1992 his
430 1947 561 2008 igiturvitii
570 1944 628 1994 rude
635 1961 731 1994 carmen
739 1945 835 1994 habebit
846 1981 854 2005 ‚

253 2019 445 2084 Emendaturus,
464 2025 483 2071 si
495 2019 613 2082 iicuiffet,
630 2039 704 2071 eram.
787 2034 792 2040 ·
955 2009 988 2055 ⁴⁰

242 2174 922 2258 oe--e-fflq‘ssfflmn

309 2353 313 2367 ·
378 2325 634 2388 ELEGIA
674 2317 824 2386 VII(

222 2420 285 2538 L
297 2503 371 2554 ceput
383 2487 509 2538 nitasuram
518 2487 628 2537 labentur
638 2487 668 2536 ab
678 2502 773 2553 aequore
784 2500 849 2535 retro

255 2567 365 2615 fiumina
377 2601 384 2626 ‚
406 2569 523 2616 conversis
531 2566 620 2631 Solque
631 2579 735 2614 recurret
745 2567 810 2631 equis
823 2581 831 2623 3

223 2645 298 2693 Terra
308 2643 470 2702 fenestellas,
482 2644 572 2692 coelum
584 2642 688 2691 findetur
696 2658 773 2691 aratro
784 2677 792 2701 ‚

256 2720 330 2770 Unda
341 2720 408 2770 dabir
418 2719 543 2780 flammas,
557 2725 581 2770 bc
593 2720 661 2769 dabit
671 2723 732 2784 iguis
743 2736 813 2785 aquas
824 2737 831 2778 ς
931 2758 938 2772 .

64 2864 67 2875 μ
157 2861 166 2871 υ
228 2799 317 2849 Omnia
325 2813 418 2848 naeurae
429 2799 567 2863 praepostera
575 2799 666 2863 legibus
675 2799 761 2858 ibunt,
959 2793 970 2838 5

188 2918 192 2925 .
259 2880 361 2944 Parsque
372 2879 441 2926 suum
452 2875 536 2926 mundi
549 2875 616 2926 nulla
627 2878 717 2926 tenebit
727 2879 772 2926 iter
782 2894 791 2937 3

226 2957 315 3007 Omnia
325 2960 374 3022 iam
385 2953 460 3014 fient,
477 2952 526 3003 fieri
539 2971 591 3020 quae
600 2951 666 3018 poffe
677 2956 793 3024 negabam
805 2969 813 3012 3

258 3035 289 3084 Et
306 3036 366 3084 nihii
380 3035 430 3090 est,
445 3035 534 3102 dequo
546 3038 634 3084 nonsit
644 3031 752 3083 habenda
764 3032 832 3082 fides.

225 3115 282 3167 Huc
294 3131 340 3180 ego
350 3115 485 3176 vaticinor,
498 3117 554 3180 quia
565 3115 618 3163 sum
625 3111 742 3178 deceptus
751 3113 781 3160 ab
793 3111 854 3170 ilio,
902 3104 905 3110 ’

768 3207 826 3270 ij
