2325 3959
287 445 428 517 Errsr.
452 464 509 517 rx
529 442 683 517 P‘ouro
705 440 744 516 L.
763 437 831 518 IV.
864 401 926 539 37r
967 478 969 484 ·

212 608 928 685 «ξ--ή-τ-ὲῇἐε-ε-ε)

346 754 687 817 EPISTOLA
727 753 801 816 xi.

390 900 745 963 GALLIONI.

201 986 385 1123 ,Girumu
404 1064 495 1111 crimen
509 1066 554 1114 erit
563 1064 604 1114 vix
617 1061 751 1112 excusabile
767 1062 853 1118 nobie,

244 1136 359 1189 Carmine
376 1155 399 1189 re
410 1157 500 1190 nomen
515 1159 565 1190 non
578 1139 685 1192 habuisse
700 1155 766 1189 meo.

209 1212 249 1263 Tu
259 1230 355 1282 quoque
367 1220 446 1279 enim,
458 1223 572 1281 memini,
586 1219 675 1268 coelesti
686 1215 781 1284 cuspide
795 1218 856 1269 fasta
905 1227 908 1231 '

243 1291 332 1342 fovisti
345 1294 456 1358 lacrymis
469 1296 568 1345 vulnera
581 1296 660 1345 nostra
676 1300 731 1345 tuis.

206 1366 287 1433 Atque
298 1373 406 1432 urinam,
419 1376 481 1439 rapti
488 1374 577 1438 Jaclurd
587 1374 654 1422 lasus
665 1376 754 1434 amici,
942 1387 956 1452 ’ς

241 1445 352 1497 Sensiiles
361 1450 439 1512 ultra,
451 1451 522 1517 quod‘
527 1469 650 1518 quererere
660 1488 668 1510 ‚
680 1451 756 1500 nihili

206 1520 266 1573 Non
280 1528 314 1577 ira
329 1526 374 1577 nu
389 1529 497 1593 placuit,
510 1534 551 1596 qui
564 1545 588 1579 te
605 1531 706 1597 spoliare
716 1526 805 1591 pudici

240 1602 352 1671 Conjuge
367 1606 474 1658 crudeles
492 1625 541 1657 non
558 1610 661 1657 habuere
676 1608 751 1656 nefas.

206 1684 303 1735 Nuntia
313 1693 369 1734 nam
381 1685 455 1735 luciis
466 1689 525 1737 mihi
536 1704 611 1752 nuper
622 1686 719 1752 epistola
729 1688 812 1747 venir,

240 1763 357 1830 Leiiaque
373 1780 429 1813 curn
444 1764 555 1829 lacrymis
571 1766 625 1814 sunt
645 1781 684 1816 tua
702 1762 790 1814 damna
805 1768 873 1815 meir.
927 1800 957 1833 ,ο

205 1836 253 1887 Sed
264 1856 342 1905 neque
354 1840 497 1905 prudentem
508 1843 579 1891 solari
590 1842 683 1891 stultior
698 1846 773 1891 ausim
783 1857 796 1904 ,¹

239 1917 366 1983 Verbaque
377 1917 502 1967 doliorum
512 1935 570 1969 nota
581 1920 667 1968 referre
679 1921 722 1968 ribi
735 1936 742 1967 e
831 1926 837 1931 '

203 1993 358 2060 finitumque
369 2010 454 2055 tuum,
466 1999 484 2044 si
495 2013 545 2045 non
556 2000 667 2056 ratione,
679 1994 791 2046 dolorem

237 2072 290 2135 Ipsi
299 2076 348 2138 jam
360 2072 452 2139 pridem
462 2076 566 2139 suspicor
578 2072 625 2123 elle
636 2074 715 2123 mord.

203 2147 271 2200 Dum
284 2166 323 2201 rua
334 2151 454 2217 pervinit,
466 2150 525 2202 dum
536 2152 608 2201 litora
617 2154 696 2202 nostra
706 2169 826 2204 recurrens
926 2182 951 2233 ¹5

238 2230 289 2279 Tot
299 2233 373 2280 maria
385 2248 413 2281 ac
424 2244 496 2281 terras
507 2246 629 2296 permeat,
646 2247 721 2282 annui
733 2234 792 2283 abit.
962 2227 965 2230 ⁵

204 2307 332 2373 Temporis
341 2308 467 2370 officium,
478 2309 564 2361 solatia
575 2309 670 2370 dicere,
684 2314 743 2360 certi
755 2312 805 2370 est,

235 2386 303 2435 Dum
314 2383 384 2435 dolor
394 2390 419 2435 in
429 2388 497 2436 cursu
508 2388 559 2448 est,
570 2386 630 2436 dum
640 2392 701 2453 perit
711 2405 772 2455 aeger
783 2406 865 2455 opem,

203 2463 236 2513 rit
247 2465 302 2515 edm
313 2465 385 2531 longa
397 2464 446 2515 dies
456 2464 547 2516 sedavit
555 2467 655 2517 vulnera
665 2470 769 2531 mentis,
921 2523 923 2527 ,

236 2542 402 2607 intempestivi
413 2544 455 2611 qul
466 2543 534 2593 fovet
542 2545 604 2606 illa,
617 2562 701 2596 novat.
921 2574 952 2605 20

202 2617 272 2669 Adde
281 2619 363 2687 quod,
374 2636 445 2686 arque
454 2624 547 2671 utinam
557 2639 641 2673 verum
653 2627 699 2674 tibi
707 2632 801 2680 venerit
808 2632 898 2680 umen!
912 2681 915 2685 A

157 2754 159 2757 ,
235 2696 359 2765 Coniugio
371 2700 429 2749 felix
441 2702 492 2766 jam
503 2715 571 2766 potes
582 2695 629 2751 effe
639 2718 714 2756 novo.

344 3084 346 3089 ,
435 2916 680 3031 mm

671 3224 747 3296 ij
