2325 3959
156 386 873 464 ethes-*mm*

339 560 581 637 ΗΒΕΑ
631 540 676 630 V.

163 664 370 865 Quantis,
381 734 444 785 unde
454 749 536 802 putem
543 734 612 801 Majo
619 732 674 784 data
681 734 780 784 nomina
787 736 872 783 mensi?

222 832 255 863 on
270 817 325 863 satis
336 814 368 863 est
378 811 472 879 liquido
482 816 578 878 cognita
589 814 658 861 causa
670 802 739 861 mibi.

165 892 200 941 Ut
211 892 272 951 stat,
284 896 309 941 δι
317 896 420 950 incertus
428 891 475 961 qui
482 894 513 939 sit
523 892 567 939 sibi
575 888 777 951 nesciteundum‚

198 969 263 1020 Ctim
276 968 342 1019 videt
352 987 379 1018 et
390 973 459 1019 omni
470 984 536 1033 parte
542 972 621 1018 viator
631 971 691 1027 iter3

163 1051 219 1108 Sic,
232 1052 288 1113 quia
297 1044 362 1112 posse
374 1046 443 1097 datur
453 1046 553 1097 diversas
564 1044 661 1097 reddere
670 1046 768 1106 causas,

197 1125 251 1185 Qud
263 1125 324 1173 ferar
334 1127 436 1189 ignot03
448 1127 564 1189 copiaque
577 1126 626 1187 ipsa
636 1138 715 1173 nocet.

164 1203 260 1261 Dicite,
272 1218 325 1269 quae
333 1192 411 1251 fontes
423 1200 585 1268 Aganippidos
596 1202 758 1265 Hippocrenes

199 1282 272 1330 Grata
286 1278 401 1328 Medusaei
411 1283 477 1347 signa
488 1283 573 1327 tenetis
584 1284 646 1343 equi.

165 1358 297 1410 Diffensere
309 1356 376 1406 deae:
390 1374 491 1421 quarum
506 1356 666 1417 Polyhymnia
679 1358 753 1419 coepit

198 1438 277 1483 Prima
289 1435 359 1483 silent
372 1434 440 1492 aliae,
451 1431 560 1497 dislaque
569 1447 647 1481 mente
657 1446 751 1481 notant.
896 1436 926 1471 to

167 1514 221 1565 Post
231 1515 320 1567 chaos,
333 1527 360 1560 ut
369 1512 473 1576 primum
484 1508 540 1559 data
551 1511 605 1557 sunt
615 1513 764 1575 triacotpora
775 1505 875 1568 mundo,

201 1592 274 1660 inque
285 1606 358 1640 novas
368 1592 454 1654 species
461 1602 537 1637 'omne
547 1591 641 1637 recessit
652 1605 711 1654 opus
722 1607 729 1647 ς

167 1666 273 1718 Pondere
282 1684 342 1717 terra
352 1669 395 1716 suo
406 1666 526 1725 subsedit,
538 1670 563 1715 &
576 1683 672 1733 aequora
683 1670 769 1727 traxit3

198 1746 229 1795 At
238 1744 328 1794 coelum
336 1746 418 1795 levitas
425 1748 451 1793 in
461 1744 514 1793 loca
522 1748 615 1795 summa
625 1746 689 1795 tulit.

166 1823 206 1870 Sol
214 1839 309 1888 quoque
319 1839 375 1871 cum
386 1823 457 1871 stellis
465 1823 532 1871 nulla
542 1826 657 1890 gravitate
668 1840 787 1888 retentus,

181 1962 184 1965 Α
200 1900 230 1949 Et
238 1917 281 1949 vos
292 1900 395 1949 Lunares
406 1898 528 1952 exsiluislis
536 1903 600 1965 equi.

168 1974 214 2027 sed
224 1992 301 2041 neque
312 1974 422 2024 terradiu
433 1975 515 2033 coelo,
529 1992 573 2024 nec
588 1992 664 2028 cetera
673 1978 765 2030 Phoebo

202 2050 283 2101 Sidera
292 2051 423 2103 cedebant:
434 2067 536 2117 parerat
546 2056 625 2101 omnis
635 2056 721 2107 honos.

169 2131 235 2194 Saepe
243 2130 328 2196 aliquis
340 2130 415 2189 solio,
433 2128 500 2198 quod
512 2145 555 2185 tu,
568 2132 684 2191 Saturne,
697 2132 807 2197 tenebas,
904 2150 907 2161 ¹

203 2210 277 2256 Ausus
294 2206 324 2257 de
338 2206 417 2257 media
429 2207 498 2275 plebe
514 2206 594 2257 sedere
608 2208 682 2257 Deus.

169 2285 201 2335 Et
210 2285 272 2335 latus
281 2285 378 2335 Oceano
390 2289 515 2353 quisquam
526 2285 592 2345 Deus
604 2284 694 2344 advena
704 2290 798 2354 junxity

202 2365 325 2427 Tethys&
336 2379 441 2418 extremo
450 2366 510 2429 sape
522 2380 616 2431 recepta
627 2366 682 2416 loco
693 2367 733 2417 est.

169 2442 254 2491 Donec
265 2442 365 2502 Honor,
381 2440 524 2510 placidoque
534 2440 622 2492 docens
630 2444 770 2496 Reverentia
779 2446 847 2497 vultu

202 2519 312 2585 Corpora
322 2519 435 2585 legitimis
442 2521 575 2585 imposuere
586 2523 652 2569 toris.

171 2598 234 2647 Hinc
245 2599 295 2647 sata
303 2598 413 2662 MaJestas
424 2615 433 2655 3
450 2599 494 2646 hos
510 2598 542 2647 esi
552 2598 603 2647 Dea
614 2601 682 2649 censa
691 2615 798 2665 parentes
811 2618 819 2660 ς

204 2673 306 2739 Quique
316 2671 354 2721 die
365 2690 434 2744 partu
444 2675 476 2722 est
487 2673 567 2734 edita,
578 2692 665 2740 magna
676 2677 730 2727 fuir.

171 2752 224 2801 Nec
235 2767 303 2799 mota
312 2770 318 2798 r
328 2749 434 2804 consedit
442 2750 524 2801 medio
536 2752 643 2802 sublimis
651 2754 773 2821 Olympo,

204 2830 293 2887 Aurea,
307 2843 427 2902 purpureo
437 2827 603 2896 conspicienda
611 2832 671 2885 sinu.

172 2903 309 2955 Consedere
319 2904 390 2953 simul
400 2903 480 2954 Pudor
490 2910 514 2955 bt
525 2908 605 2955 Metus
618 2926 627 2965 t¹
636 2926 708 2958 omne
714 2908 806 2961 videres

208 2982 303 3031 Numen
316 2980 346 3031 ad
356 2984 416 3032 hanc
430 2982 507 3032 cultus
517 2984 674 3055 composuisse
684 2988 745 3035 suos.

174 3062 284 3116 Protinus
294 3062 391 3114 intrarit
401 3075 492 3111 mentes
499 3064 615 3133 suspeslus
624 3065 759 3118 honorumr
