<?xml version="1.0" encoding="UTF-8"?>
<!DOCTYPE html PUBLIC "-//W3C//DTD XHTML 1.0 Transitional//EN"
    "http://www.w3.org/TR/xhtml1/DTD/xhtml1-transitional.dtd">
<html xmlns="http://www.w3.org/1999/xhtml" xml:lang="en" lang="en">
 <head>
  <title>
</title>
<meta http-equiv="Content-Type" content="text/html;charset=utf-8" />
  <meta name='ocr-system' content='tesseract 3.04.00' />
  <meta name='ocr-capabilities' content='ocr_page ocr_carea ocr_par ocr_line ocrx_word'/>
</head>
<body>
  <div class='ocr_page' id='page_1' title='image "./povidiinasoniso02ovidgoog_0359.png"; bbox 0 0 2325 3959; ppageno 0'>
   <div class='ocr_carea' id='block_1_1' title="bbox 169 400 806 497">
    <p class='ocr_par' dir='ltr' id='par_1_1' title="bbox 169 400 806 497">
     <span class='ocr_line' id='line_1_1' title="bbox 169 400 806 497; baseline 0.02 -29"><span class='ocrx_word' id='word_1_1' title='bbox 169 402 376 477; x_wconf 60' lang='lat' dir='ltr'>Eurorum</span> <span class='ocrx_word' id='word_1_2' title='bbox 391 400 685 475; x_wconf 64' lang='lat' dir='ltr'>PouuoL-IV.</span> <span class='ocrx_word' id='word_1_3' title='bbox 740 428 806 497; x_wconf 80' lang='lat'>357</span> 
     </span>
    </p>
   </div>
   <div class='ocr_carea' id='block_1_2' title="bbox 104 522 861 1131">
    <p class='ocr_par' dir='ltr' id='par_1_2' title="bbox 104 522 723 592">
     <span class='ocr_line' id='line_1_2' title="bbox 104 522 723 592; baseline 0.008 -19"><span class='ocrx_word' id='word_1_4' title='bbox 104 522 146 573; x_wconf 82' lang='lat' dir='ltr'>Pto</span> <span class='ocrx_word' id='word_1_5' title='bbox 162 526 242 590; x_wconf 80' lang='lat' dir='ltr'>quibus</span> <span class='ocrx_word' id='word_1_6' title='bbox 261 537 288 575; x_wconf 92' lang='lat' dir='ltr'>ut</span> <span class='ocrx_word' id='word_1_7' title='bbox 306 526 397 574; x_wconf 83' lang='lat' dir='ltr'>meritis</span> <span class='ocrx_word' id='word_1_8' title='bbox 414 524 529 575; x_wconf 87' lang='lat' dir='ltr'>referatur</span> <span class='ocrx_word' id='word_1_9' title='bbox 540 529 632 590; x_wconf 75' lang='lat' dir='ltr'>gratia,</span> <span class='ocrx_word' id='word_1_10' title='bbox 642 530 723 592; x_wconf 78' lang='lat' dir='ltr'>jurat,</span> 
     </span>
    </p>

    <p class='ocr_par' dir='ltr' id='par_1_3' title="bbox 105 601 861 669">
     <span class='ocr_line' id='line_1_3' title="bbox 105 601 861 669; baseline 0.007 -20"><span class='ocrx_word' id='word_1_11' title='bbox 105 666 106 669; x_wconf 8' lang='grc' dir='ltr'><strong>Ἴ</strong></span> <span class='ocrx_word' id='word_1_12' title='bbox 134 602 161 650; x_wconf 86' lang='lat' dir='ltr'>Se</span> <span class='ocrx_word' id='word_1_13' title='bbox 178 601 227 651; x_wconf 86' lang='lat' dir='ltr'>fote</span> <span class='ocrx_word' id='word_1_14' title='bbox 243 604 356 666; x_wconf 84' lang='lat' dir='ltr'>mancipii</span> <span class='ocrx_word' id='word_1_15' title='bbox 378 616 471 667; x_wconf 88' lang='lat' dir='ltr'>tempus</span> <span class='ocrx_word' id='word_1_16' title='bbox 489 606 515 651; x_wconf 88' lang='lat' dir='ltr'>in</span> <span class='ocrx_word' id='word_1_17' title='bbox 530 620 603 651; x_wconf 88' lang='lat' dir='ltr'>omne</span> <span class='ocrx_word' id='word_1_18' title='bbox 621 604 666 653; x_wconf 80' lang='lat' dir='ltr'>tul.</span> <span class='ocrx_word' id='word_1_19' title='bbox 828 613 861 658; x_wconf 79' lang='lat'>40</span> 
     </span>
    </p>

    <p class='ocr_par' dir='ltr' id='par_1_4' title="bbox 104 676 772 815">
     <span class='ocr_line' id='line_1_4' title="bbox 104 676 772 744; baseline 0.007 -16"><span class='ocrx_word' id='word_1_20' title='bbox 104 676 165 729; x_wconf 86' lang='lat' dir='ltr'>Nam</span> <span class='ocrx_word' id='word_1_21' title='bbox 186 680 248 744; x_wconf 77' lang='lat' dir='ltr'>priris</span> <span class='ocrx_word' id='word_1_22' title='bbox 268 678 380 727; x_wconf 72' lang='lat' dir='ltr'>umbrosi</span> <span class='ocrx_word' id='word_1_23' title='bbox 400 682 514 729; x_wconf 86' lang='lat' dir='ltr'>carituros</span> <span class='ocrx_word' id='word_1_24' title='bbox 535 682 618 730; x_wconf 83' lang='lat' dir='ltr'>arbore</span> <span class='ocrx_word' id='word_1_25' title='bbox 636 697 746 744; x_wconf 87' lang='lat' dir='ltr'>montes,</span> <span class='ocrx_word' id='word_1_26' title='bbox 770 690 772 692; x_wconf 81' lang='grc'><strong>’</strong></span> 
     </span>
     <span class='ocr_line' id='line_1_5' title="bbox 137 755 643 815; baseline 0.004 -10"><span class='ocrx_word' id='word_1_27' title='bbox 137 755 166 805; x_wconf 87' lang='lat' dir='ltr'>Et</span> <span class='ocrx_word' id='word_1_28' title='bbox 180 756 238 806; x_wconf 82' lang='lat' dir='ltr'>frete</span> <span class='ocrx_word' id='word_1_29' title='bbox 250 756 364 805; x_wconf 82' lang='lat' dir='ltr'>velivolas</span> <span class='ocrx_word' id='word_1_30' title='bbox 382 772 432 805; x_wconf 90' lang='lat' dir='ltr'>non</span> <span class='ocrx_word' id='word_1_31' title='bbox 446 758 554 807; x_wconf 86' lang='lat' dir='ltr'>habitura</span> <span class='ocrx_word' id='word_1_32' title='bbox 566 774 643 815; x_wconf 82' lang='lat' dir='ltr'>tates,</span> 
     </span>
    </p>

    <p class='ocr_par' dir='ltr' id='par_1_5' title="bbox 104 832 724 901">
     <span class='ocr_line' id='line_1_6' title="bbox 104 832 724 901; baseline 0.008 -20"><span class='ocrx_word' id='word_1_33' title='bbox 104 832 255 901; x_wconf 81' lang='lat' dir='ltr'>Fluminaque</span> <span class='ocrx_word' id='word_1_34' title='bbox 271 838 296 882; x_wconf 89' lang='lat' dir='ltr'>in</span> <span class='ocrx_word' id='word_1_35' title='bbox 315 833 393 883; x_wconf 83' lang='lat' dir='ltr'>fontes</span> <span class='ocrx_word' id='word_1_36' title='bbox 411 835 479 883; x_wconf 88' lang='lat' dir='ltr'>cursu</span> <span class='ocrx_word' id='word_1_37' title='bbox 498 832 604 885; x_wconf 85' lang='lat' dir='ltr'>reditura</span> <span class='ocrx_word' id='word_1_38' title='bbox 619 839 724 901; x_wconf 80' lang='lat' dir='ltr'>supiu03</span> 
     </span>
    </p>

    <p class='ocr_par' dir='ltr' id='par_1_6' title="bbox 106 912 767 979">
     <span class='ocr_line' id='line_1_7' title="bbox 106 912 767 979; baseline 0.006 -22"><span class='ocrx_word' id='word_1_39' title='bbox 106 952 107 957; x_wconf 74' lang='grc'>,</span> <span class='ocrx_word' id='word_1_40' title='bbox 136 912 214 961; x_wconf 84' lang='lat' dir='ltr'>Gratia</span> <span class='ocrx_word' id='word_1_41' title='bbox 233 912 306 978; x_wconf 66' lang='lat' dir='ltr'>quim</span> <span class='ocrx_word' id='word_1_42' title='bbox 324 913 403 960; x_wconf 87' lang='lat' dir='ltr'>meriti</span> <span class='ocrx_word' id='word_1_43' title='bbox 420 914 494 976; x_wconf 82' lang='lat' dir='ltr'>possit</span> <span class='ocrx_word' id='word_1_44' title='bbox 510 914 574 961; x_wconf 86' lang='lat' dir='ltr'>abite</span> <span class='ocrx_word' id='word_1_45' title='bbox 592 916 637 962; x_wconf 88' lang='lat' dir='ltr'>tui.</span> <span class='ocrx_word' id='word_1_46' title='bbox 765 975 767 979; x_wconf 28' lang='grc' dir='ltr'>Ι</span> 
     </span>
    </p>

    <p class='ocr_par' dir='ltr' id='par_1_7' title="bbox 104 986 860 1131">
     <span class='ocr_line' id='line_1_8' title="bbox 104 986 860 1056; baseline 0.001 -17"><span class='ocrx_word' id='word_1_47' title='bbox 104 988 160 1039; x_wconf 76' lang='lat' dir='ltr'>Haec</span> <span class='ocrx_word' id='word_1_48' title='bbox 176 990 216 1037; x_wconf 91' lang='lat' dir='ltr'>ubi</span> <span class='ocrx_word' id='word_1_49' title='bbox 233 986 354 1047; x_wconf 82' lang='lat' dir='ltr'>dixeritis,</span> <span class='ocrx_word' id='word_1_50' title='bbox 368 989 443 1037; x_wconf 87' lang='lat' dir='ltr'>servet</span> <span class='ocrx_word' id='word_1_51' title='bbox 460 989 500 1037; x_wconf 87' lang='lat' dir='ltr'>sua</span> <span class='ocrx_word' id='word_1_52' title='bbox 518 987 599 1049; x_wconf 86' lang='lat' dir='ltr'>dona,</span> <span class='ocrx_word' id='word_1_53' title='bbox 616 1005 710 1056; x_wconf 81' lang='lat' dir='ltr'>rogate.</span> <span class='ocrx_word' id='word_1_54' title='bbox 831 1004 860 1053; x_wconf 82' lang='lat'>45</span> 
     </span>
     <span class='ocr_line' id='line_1_9' title="bbox 130 1064 610 1131; baseline 0 -16"><span class='ocrx_word' id='word_1_55' title='bbox 130 1064 172 1115; x_wconf 66' lang='lat' dir='ltr'>&#39;Sic</span> <span class='ocrx_word' id='word_1_56' title='bbox 187 1066 257 1117; x_wconf 86' lang='lat' dir='ltr'>fuerit</span> <span class='ocrx_word' id='word_1_57' title='bbox 272 1067 351 1117; x_wconf 81' lang='lat' dir='ltr'>vesttae</span> <span class='ocrx_word' id='word_1_58' title='bbox 367 1067 435 1115; x_wconf 85' lang='lat' dir='ltr'>causa</span> <span class='ocrx_word' id='word_1_59' title='bbox 449 1068 542 1131; x_wconf 74' lang='lat' dir='ltr'>peraiia</span> <span class='ocrx_word' id='word_1_60' title='bbox 556 1068 610 1117; x_wconf 72' lang='lat' dir='ltr'>vie.</span> 
     </span>
    </p>
   </div>
   <div class='ocr_carea' id='block_1_3' title="bbox 107 1196 810 1270">
    <p class='ocr_par' dir='ltr' id='par_1_8' title="bbox 107 1196 810 1270">
     <span class='ocr_line' id='line_1_10' title="bbox 107 1196 810 1270; baseline 0.001 -12"><span class='ocrx_word' id='word_1_61' title='bbox 107 1196 810 1270; x_wconf 49' lang='lat' dir='ltr'>soessssffi&#39;bffiss-:sst</span> 
     </span>
    </p>
   </div>
   <div class='ocr_carea' id='block_1_4' title="bbox 232 1336 688 1565">
    <p class='ocr_par' dir='ltr' id='par_1_9' title="bbox 232 1336 688 1565">
     <span class='ocr_line' id='line_1_11' title="bbox 232 1336 688 1403; baseline 0 -2"><span class='ocrx_word' id='word_1_62' title='bbox 232 1336 688 1403; x_wconf 60' lang='lat' dir='ltr'>unsuonuvt</span> 
     </span>
     <span class='ocr_line' id='line_1_12' title="bbox 338 1460 578 1565; baseline 0 0"><span class='ocrx_word' id='word_1_63' title='bbox 338 1460 578 1565; x_wconf 71' lang='lat' dir='ltr'>sunto</span> 
     </span>
    </p>
   </div>
   <div class='ocr_carea' id='block_1_5' title="bbox 106 1566 877 3131">
    <p class='ocr_par' dir='ltr' id='par_1_10' title="bbox 109 1566 821 1808">
     <span class='ocr_line' id='line_1_13' title="bbox 109 1566 821 1730; baseline 0.004 -18"><span class='ocrx_word' id='word_1_64' title='bbox 109 1566 201 1715; x_wconf 71' lang='lat' dir='ltr'>Qu</span> <span class='ocrx_word' id='word_1_65' title='bbox 214 1676 230 1713; x_wconf 76' lang='grc' dir='ltr'><strong>Α</strong></span> <span class='ocrx_word' id='word_1_66' title='bbox 242 1680 263 1713; x_wconf 82' lang='lat' dir='ltr'>u</span> <span class='ocrx_word' id='word_1_67' title='bbox 281 1662 356 1729; x_wconf 84' lang='lat' dir='ltr'>legis,</span> <span class='ocrx_word' id='word_1_68' title='bbox 374 1679 404 1713; x_wconf 87' lang='lat' dir='ltr'>ex</span> <span class='ocrx_word' id='word_1_69' title='bbox 417 1663 465 1713; x_wconf 89' lang='lat' dir='ltr'>illis</span> <span class='ocrx_word' id='word_1_70' title='bbox 477 1665 520 1713; x_wconf 85' lang='lat' dir='ltr'>tibi</span> <span class='ocrx_word' id='word_1_71' title='bbox 531 1666 597 1715; x_wconf 88' lang='lat' dir='ltr'>venit</span> <span class='ocrx_word' id='word_1_72' title='bbox 610 1664 724 1730; x_wconf 85' lang='lat' dir='ltr'>epistola,</span> <span class='ocrx_word' id='word_1_73' title='bbox 735 1666 821 1729; x_wconf 86' lang='lat' dir='ltr'>Brute,</span> 
     </span>
     <span class='ocr_line' id='line_1_14' title="bbox 143 1740 678 1808; baseline 0.006 -18"><span class='ocrx_word' id='word_1_74' title='bbox 143 1740 265 1792; x_wconf 81' lang='lat' dir='ltr'>Nasonem</span> <span class='ocrx_word' id='word_1_75' title='bbox 285 1741 361 1792; x_wconf 84' lang='lat' dir='ltr'>nolles</span> <span class='ocrx_word' id='word_1_76' title='bbox 379 1743 506 1808; x_wconf 87' lang='lat' dir='ltr'>inquibus</span> <span class='ocrx_word' id='word_1_77' title='bbox 523 1740 590 1804; x_wconf 83' lang='lat' dir='ltr'>esse,</span> <span class='ocrx_word' id='word_1_78' title='bbox 610 1744 678 1793; x_wconf 88' lang='lat' dir='ltr'>locis.</span> 
     </span>
    </p>

    <p class='ocr_par' dir='ltr' id='par_1_11' title="bbox 108 1816 822 1960">
     <span class='ocr_line' id='line_1_15' title="bbox 108 1816 822 1886; baseline 0.006 -19"><span class='ocrx_word' id='word_1_79' title='bbox 108 1816 171 1879; x_wconf 84' lang='lat' dir='ltr'>sed,</span> <span class='ocrx_word' id='word_1_80' title='bbox 191 1836 217 1868; x_wconf 91' lang='lat' dir='ltr'>tu</span> <span class='ocrx_word' id='word_1_81' title='bbox 234 1818 300 1886; x_wconf 93' lang='lat' dir='ltr'>quod</span> <span class='ocrx_word' id='word_1_82' title='bbox 317 1818 407 1873; x_wconf 89' lang='lat' dir='ltr'>nolles,</span> <span class='ocrx_word' id='word_1_83' title='bbox 420 1819 499 1868; x_wconf 86' lang='lat' dir='ltr'>voluit</span> <span class='ocrx_word' id='word_1_84' title='bbox 513 1820 648 1868; x_wconf 83' lang='lat' dir='ltr'>miserabile</span> <span class='ocrx_word' id='word_1_85' title='bbox 668 1820 753 1871; x_wconf 84' lang='lat' dir='ltr'>fatum.</span> <span class='ocrx_word' id='word_1_86' title='bbox 819 1825 822 1830; x_wconf 84' lang='lat'>&#39;</span> 
     </span>
     <span class='ocr_line' id='line_1_16' title="bbox 143 1893 781 1960; baseline 0.003 -15"><span class='ocrx_word' id='word_1_87' title='bbox 143 1896 189 1945; x_wconf 90' lang='lat' dir='ltr'>Hei</span> <span class='ocrx_word' id='word_1_88' title='bbox 204 1899 280 1945; x_wconf 83' lang='lat' dir='ltr'>mihil</span> <span class='ocrx_word' id='word_1_89' title='bbox 298 1896 350 1960; x_wconf 83' lang='lat' dir='ltr'>plus</span> <span class='ocrx_word' id='word_1_90' title='bbox 365 1893 442 1954; x_wconf 92' lang='lat' dir='ltr'>illud,</span> <span class='ocrx_word' id='word_1_91' title='bbox 460 1896 534 1960; x_wconf 70' lang='lat' dir='ltr'>quim</span> <span class='ocrx_word' id='word_1_92' title='bbox 553 1910 595 1943; x_wconf 79' lang='lat' dir='ltr'>tua</span> <span class='ocrx_word' id='word_1_93' title='bbox 612 1910 689 1955; x_wconf 89' lang='lat' dir='ltr'>vota,</span> <span class='ocrx_word' id='word_1_94' title='bbox 709 1899 781 1947; x_wconf 75' lang='lat' dir='ltr'>v‘alct.</span> 
     </span>
    </p>

    <p class='ocr_par' dir='ltr' id='par_1_12' title="bbox 106 1971 852 2115">
     <span class='ocr_line' id='line_1_17' title="bbox 106 1971 852 2037; baseline -0.001 -15"><span class='ocrx_word' id='word_1_95' title='bbox 106 1972 135 2023; x_wconf 80' lang='lat' dir='ltr'>ln</span> <span class='ocrx_word' id='word_1_96' title='bbox 147 1974 244 2034; x_wconf 82' lang='lat' dir='ltr'>Scythia</span> <span class='ocrx_word' id='word_1_97' title='bbox 252 1974 321 2021; x_wconf 89' lang='lat' dir='ltr'>nobis</span> <span class='ocrx_word' id='word_1_98' title='bbox 329 1975 487 2037; x_wconf 84' lang='lat' dir='ltr'>quinquennis</span> <span class='ocrx_word' id='word_1_99' title='bbox 496 1971 621 2035; x_wconf 84' lang='lat' dir='ltr'>Olympias</span> <span class='ocrx_word' id='word_1_100' title='bbox 631 1975 681 2021; x_wconf 67' lang='lat' dir='ltr'>aisa</span> <span class='ocrx_word' id='word_1_101' title='bbox 691 1974 740 2021; x_wconf 82' lang='lat' dir='ltr'>est:</span> <span class='ocrx_word' id='word_1_102' title='bbox 842 1992 852 2036; x_wconf 78' lang='grc' dir='ltr'><strong>ς</strong></span> 
     </span>
     <span class='ocr_line' id='line_1_18' title="bbox 143 2048 653 2115; baseline 0 -16"><span class='ocrx_word' id='word_1_103' title='bbox 143 2051 196 2099; x_wconf 85' lang='lat' dir='ltr'>Jarn</span> <span class='ocrx_word' id='word_1_104' title='bbox 215 2066 308 2115; x_wconf 87' lang='lat' dir='ltr'>tempus</span> <span class='ocrx_word' id='word_1_105' title='bbox 324 2050 390 2098; x_wconf 88' lang='lat' dir='ltr'>lustri</span> <span class='ocrx_word' id='word_1_106' title='bbox 408 2051 491 2098; x_wconf 83' lang='lat' dir='ltr'>transit</span> <span class='ocrx_word' id='word_1_107' title='bbox 507 2052 532 2097; x_wconf 89' lang='lat' dir='ltr'>iu</span> <span class='ocrx_word' id='word_1_108' title='bbox 547 2048 653 2099; x_wconf 81' lang='lat' dir='ltr'>alterius.</span> 
     </span>
    </p>

    <p class='ocr_par' dir='ltr' id='par_1_13' title="bbox 110 2126 781 2271">
     <span class='ocr_line' id='line_1_19' title="bbox 110 2126 781 2191; baseline -0.004 -12"><span class='ocrx_word' id='word_1_109' title='bbox 110 2128 202 2179; x_wconf 84' lang='lat' dir='ltr'>Perstat</span> <span class='ocrx_word' id='word_1_110' title='bbox 217 2131 281 2177; x_wconf 87' lang='lat' dir='ltr'>enim</span> <span class='ocrx_word' id='word_1_111' title='bbox 295 2129 400 2176; x_wconf 84' lang='lat' dir='ltr'>Fortuna</span> <span class='ocrx_word' id='word_1_112' title='bbox 415 2140 504 2184; x_wconf 84' lang='lat' dir='ltr'>tenax,</span> <span class='ocrx_word' id='word_1_113' title='bbox 522 2130 633 2191; x_wconf 82' lang='lat' dir='ltr'>votisque</span> <span class='ocrx_word' id='word_1_114' title='bbox 648 2126 781 2191; x_wconf 78' lang='lat' dir='ltr'>malignum</span> 
     </span>
     <span class='ocr_line' id='line_1_20' title="bbox 146 2201 592 2271; baseline -0.011 -15"><span class='ocrx_word' id='word_1_115' title='bbox 146 2204 256 2271; x_wconf 83' lang='lat' dir='ltr'>Opponit</span> <span class='ocrx_word' id='word_1_116' title='bbox 272 2206 355 2255; x_wconf 84' lang='lat' dir='ltr'>nostris</span> <span class='ocrx_word' id='word_1_117' title='bbox 372 2202 485 2253; x_wconf 87' lang='lat' dir='ltr'>insidiosa</span> <span class='ocrx_word' id='word_1_118' title='bbox 498 2201 592 2270; x_wconf 88' lang='lat' dir='ltr'>pedem.</span> 
     </span>
    </p>

    <p class='ocr_par' dir='ltr' id='par_1_14' title="bbox 112 2280 877 2584">
     <span class='ocr_line' id='line_1_21' title="bbox 112 2280 811 2348; baseline -0.006 -15"><span class='ocrx_word' id='word_1_119' title='bbox 112 2282 201 2335; x_wconf 78' lang='lat' dir='ltr'>Certus</span> <span class='ocrx_word' id='word_1_120' title='bbox 213 2300 262 2332; x_wconf 81' lang='lat' dir='ltr'>eras</span> <span class='ocrx_word' id='word_1_121' title='bbox 273 2300 317 2348; x_wconf 91' lang='lat' dir='ltr'>pto</span> <span class='ocrx_word' id='word_1_122' title='bbox 333 2299 391 2342; x_wconf 90' lang='lat' dir='ltr'>me,</span> <span class='ocrx_word' id='word_1_123' title='bbox 407 2282 484 2330; x_wconf 75' lang='lat' dir='ltr'>Fabia</span> <span class='ocrx_word' id='word_1_124' title='bbox 501 2280 559 2339; x_wconf 87' lang='lat' dir='ltr'>lux,</span> <span class='ocrx_word' id='word_1_125' title='bbox 577 2280 705 2341; x_wconf 81' lang='lat' dir='ltr'>Maxime,</span> <span class='ocrx_word' id='word_1_126' title='bbox 720 2284 811 2347; x_wconf 76' lang='lat' dir='ltr'>gentis,</span> 
     </span>
     <span class='ocr_line' id='line_1_22' title="bbox 147 2354 877 2425; baseline -0.01 -14"><span class='ocrx_word' id='word_1_127' title='bbox 147 2354 245 2411; x_wconf 84' lang='lat' dir='ltr'>Numen</span> <span class='ocrx_word' id='word_1_128' title='bbox 263 2358 293 2410; x_wconf 91' lang='lat' dir='ltr'>ad</span> <span class='ocrx_word' id='word_1_129' title='bbox 311 2358 442 2425; x_wconf 83' lang='lat' dir='ltr'>Augustum</span> <span class='ocrx_word' id='word_1_130' title='bbox 457 2358 562 2425; x_wconf 75' lang='lat' dir='ltr'>supplice</span> <span class='ocrx_word' id='word_1_131' title='bbox 577 2374 637 2407; x_wconf 83' lang='lat' dir='ltr'>voce</span> <span class='ocrx_word' id='word_1_132' title='bbox 650 2358 726 2423; x_wconf 89' lang='lat' dir='ltr'>loqui.</span> <span class='ocrx_word' id='word_1_133' title='bbox 848 2384 877 2416; x_wconf 55' lang='grc' dir='ltr'>χ.</span> 
     </span>
     <span class='ocr_line' id='line_1_23' title="bbox 113 2436 829 2506; baseline -0.004 -15"><span class='ocrx_word' id='word_1_134' title='bbox 113 2439 213 2491; x_wconf 86' lang='lat' dir='ltr'>Occidis</span> <span class='ocrx_word' id='word_1_135' title='bbox 225 2456 279 2490; x_wconf 89' lang='lat' dir='ltr'>ante</span> <span class='ocrx_word' id='word_1_136' title='bbox 290 2456 368 2506; x_wconf 89' lang='lat' dir='ltr'>preces</span> <span class='ocrx_word' id='word_1_137' title='bbox 377 2456 384 2497; x_wconf 80' lang='lat'>3</span> <span class='ocrx_word' id='word_1_138' title='bbox 396 2438 537 2505; x_wconf 87' lang='lat' dir='ltr'>causamque</span> <span class='ocrx_word' id='word_1_139' title='bbox 544 2452 589 2503; x_wconf 80' lang='lat' dir='ltr'>ego</span> <span class='ocrx_word' id='word_1_140' title='bbox 598 2470 606 2494; x_wconf 92' lang='lat'>,</span> <span class='ocrx_word' id='word_1_141' title='bbox 615 2436 736 2497; x_wconf 85' lang='lat' dir='ltr'>Maxime,</span> <span class='ocrx_word' id='word_1_142' title='bbox 744 2442 829 2491; x_wconf 87' lang='lat' dir='ltr'>mortis</span> 
     </span>
     <span class='ocr_line' id='line_1_24' title="bbox 154 2512 669 2584; baseline -0.012 -16"><span class='ocrx_word' id='word_1_143' title='bbox 154 2520 225 2584; x_wconf 88' lang='lat' dir='ltr'>(Nec</span> <span class='ocrx_word' id='word_1_144' title='bbox 236 2518 328 2567; x_wconf 81' lang='lat' dir='ltr'>suetam</span> <span class='ocrx_word' id='word_1_145' title='bbox 341 2519 419 2582; x_wconf 88' lang='lat' dir='ltr'>tanti)</span> <span class='ocrx_word' id='word_1_146' title='bbox 437 2532 476 2565; x_wconf 86' lang='lat' dir='ltr'>me</span> <span class='ocrx_word' id='word_1_147' title='bbox 492 2532 545 2564; x_wconf 92' lang='lat' dir='ltr'>teot</span> <span class='ocrx_word' id='word_1_148' title='bbox 556 2512 602 2562; x_wconf 81' lang='lat' dir='ltr'>elle</span> <span class='ocrx_word' id='word_1_149' title='bbox 613 2529 669 2564; x_wconf 81' lang='lat' dir='ltr'>tuae.</span> 
     </span>
    </p>

    <p class='ocr_par' dir='ltr' id='par_1_15' title="bbox 113 2589 780 2737">
     <span class='ocr_line' id='line_1_25' title="bbox 113 2589 780 2657; baseline -0.01 -11"><span class='ocrx_word' id='word_1_150' title='bbox 113 2598 169 2647; x_wconf 86' lang='lat' dir='ltr'>Jam</span> <span class='ocrx_word' id='word_1_151' title='bbox 189 2600 265 2645; x_wconf 86' lang='lat' dir='ltr'>timeo</span> <span class='ocrx_word' id='word_1_152' title='bbox 280 2594 384 2643; x_wconf 81' lang='lat' dir='ltr'>nostram</span> <span class='ocrx_word' id='word_1_153' title='bbox 401 2594 513 2657; x_wconf 88' lang='lat' dir='ltr'>cuiquam</span> <span class='ocrx_word' id='word_1_154' title='bbox 528 2589 642 2639; x_wconf 82' lang='lat' dir='ltr'>mandare</span> <span class='ocrx_word' id='word_1_155' title='bbox 659 2592 780 2646; x_wconf 85' lang='lat' dir='ltr'>salutem:</span> 
     </span>
     <span class='ocr_line' id='line_1_26' title="bbox 150 2663 665 2737; baseline -0.016 -17"><span class='ocrx_word' id='word_1_156' title='bbox 150 2673 233 2737; x_wconf 88' lang='lat' dir='ltr'>ipsum</span> <span class='ocrx_word' id='word_1_157' title='bbox 256 2682 334 2718; x_wconf 83' lang='lat' dir='ltr'>morte</span> <span class='ocrx_word' id='word_1_158' title='bbox 354 2666 395 2716; x_wconf 69' lang='lat' dir='ltr'>tui</span> <span class='ocrx_word' id='word_1_159' title='bbox 414 2663 521 2715; x_wconf 87' lang='lat' dir='ltr'>contidit</span> <span class='ocrx_word' id='word_1_160' title='bbox 541 2666 665 2714; x_wconf 83' lang='lat' dir='ltr'>auxilium.</span> 
     </span>
    </p>

    <p class='ocr_par' dir='ltr' id='par_1_16' title="bbox 115 2741 877 2891">
     <span class='ocr_line' id='line_1_27' title="bbox 116 2741 877 2825; baseline -0.011 -26"><span class='ocrx_word' id='word_1_161' title='bbox 116 2750 236 2815; x_wconf 84' lang='lat' dir='ltr'>Coeperat</span> <span class='ocrx_word' id='word_1_162' title='bbox 251 2746 365 2811; x_wconf 77' lang='lat' dir='ltr'>Augustus</span> <span class='ocrx_word' id='word_1_163' title='bbox 382 2741 486 2809; x_wconf 69' lang='lat' dir='ltr'>decepta</span> <span class='ocrx_word' id='word_1_164' title='bbox 503 2744 624 2806; x_wconf 82' lang='lat' dir='ltr'>ignoscere</span> <span class='ocrx_word' id='word_1_165' title='bbox 636 2742 726 2807; x_wconf 80' lang='lat' dir='ltr'>tulpae;</span> <span class='ocrx_word' id='word_1_166' title='bbox 852 2778 877 2825; x_wconf 69' lang='lat'>,5</span> 
     </span>
     <span class='ocr_line' id='line_1_28' title="bbox 115 2818 727 2891; baseline -0.01 -16"><span class='ocrx_word' id='word_1_167' title='bbox 115 2830 118 2842; x_wconf 96' lang='lat'>&#39;</span> <span class='ocrx_word' id='word_1_168' title='bbox 151 2828 224 2891; x_wconf 88' lang='lat' dir='ltr'>Spem</span> <span class='ocrx_word' id='word_1_169' title='bbox 244 2823 367 2877; x_wconf 80' lang='lat' dir='ltr'>nostram,</span> <span class='ocrx_word' id='word_1_170' title='bbox 388 2836 459 2870; x_wconf 85' lang='lat' dir='ltr'>terras</span> <span class='ocrx_word' id='word_1_171' title='bbox 479 2818 627 2890; x_wconf 87' lang='lat' dir='ltr'>deseruitque</span> <span class='ocrx_word' id='word_1_172' title='bbox 646 2821 727 2870; x_wconf 85' lang='lat' dir='ltr'>simul.</span> 
     </span>
    </p>

    <p class='ocr_par' dir='ltr' id='par_1_17' title="bbox 116 2889 876 3045">
     <span class='ocr_line' id='line_1_29' title="bbox 116 2889 876 2965; baseline -0.004 -13"><span class='ocrx_word' id='word_1_173' title='bbox 116 2904 198 2965; x_wconf 84' lang='lat' dir='ltr'>Quale</span> <span class='ocrx_word' id='word_1_174' title='bbox 217 2918 298 2952; x_wconf 82' lang='lat' dir='ltr'>tamen</span> <span class='ocrx_word' id='word_1_175' title='bbox 318 2903 386 2965; x_wconf 88' lang='lat' dir='ltr'>potui</span> <span class='ocrx_word' id='word_1_176' title='bbox 402 2897 434 2948; x_wconf 90' lang='lat' dir='ltr'>de</span> <span class='ocrx_word' id='word_1_177' title='bbox 451 2889 551 2952; x_wconf 76' lang='lat' dir='ltr'>ttulite,</span> <span class='ocrx_word' id='word_1_178' title='bbox 566 2899 655 2959; x_wconf 84' lang='lat' dir='ltr'>Brute,</span> <span class='ocrx_word' id='word_1_179' title='bbox 679 2904 768 2950; x_wconf 81' lang='lat' dir='ltr'>&#39;recenti</span> <span class='ocrx_word' id='word_1_180' title='bbox 866 2916 876 2933; x_wconf 58' lang='lat' dir='ltr'>t</span> 
     </span>
     <span class='ocr_line' id='line_1_30' title="bbox 151 2977 726 3045; baseline -0.003 -16"><span class='ocrx_word' id='word_1_181' title='bbox 151 2981 236 3030; x_wconf 88' lang='lat' dir='ltr'>Vestra</span> <span class='ocrx_word' id='word_1_182' title='bbox 253 2978 337 3045; x_wconf 90' lang='lat' dir='ltr'>procul</span> <span class='ocrx_word' id='word_1_183' title='bbox 354 2980 443 3043; x_wconf 87' lang='lat' dir='ltr'>positus</span> <span class='ocrx_word' id='word_1_184' title='bbox 458 2992 554 3027; x_wconf 88' lang='lat' dir='ltr'>carmen</span> <span class='ocrx_word' id='word_1_185' title='bbox 568 2980 594 3026; x_wconf 88' lang='lat' dir='ltr'>in</span> <span class='ocrx_word' id='word_1_186' title='bbox 609 2994 651 3027; x_wconf 84' lang='lat' dir='ltr'>ota</span> <span class='ocrx_word' id='word_1_187' title='bbox 661 2977 726 3027; x_wconf 87' lang='lat' dir='ltr'>dedi.</span> 
     </span>
    </p>

    <p class='ocr_par' dir='ltr' id='par_1_18' title="bbox 117 3055 774 3131">
     <span class='ocr_line' id='line_1_31' title="bbox 117 3055 774 3131; baseline -0.003 -22"><span class='ocrx_word' id='word_1_188' title='bbox 117 3060 180 3127; x_wconf 73' lang='lat' dir='ltr'>Qua</span> <span class='ocrx_word' id='word_1_189' title='bbox 194 3061 271 3131; x_wconf 81' lang='lat' dir='ltr'>prosit</span> <span class='ocrx_word' id='word_1_190' title='bbox 280 3060 354 3125; x_wconf 77' lang='lat' dir='ltr'>pietas</span> <span class='ocrx_word' id='word_1_191' title='bbox 368 3058 459 3107; x_wconf 83' lang='lat' dir='ltr'>utinam</span> <span class='ocrx_word' id='word_1_192' title='bbox 468 3056 530 3107; x_wconf 81' lang='lat' dir='ltr'>utini</span> <span class='ocrx_word' id='word_1_193' title='bbox 544 3055 551 3105; x_wconf 77' lang='grc' dir='ltr'>Ξ</span> <span class='ocrx_word' id='word_1_194' title='bbox 567 3058 645 3125; x_wconf 85' lang='lat' dir='ltr'>sitque</span> <span class='ocrx_word' id='word_1_195' title='bbox 654 3055 774 3108; x_wconf 70' lang='lat' dir='ltr'>malorum</span> 
     </span>
    </p>
   </div>
   <div class='ocr_carea' id='block_1_6' title="bbox 0 0 1172 3959">
    <p class='ocr_par' dir='ltr' id='par_1_19' title="bbox 0 0 1172 3959">
     <span class='ocr_line' id='line_1_32' title="bbox 0 0 1172 3959; baseline 0 0"><span class='ocrx_word' id='word_1_196' title='bbox 0 0 1172 3959; x_wconf 95' lang='lat' dir='ltr'> </span> 
     </span>
    </p>
   </div>
  </div>
 </body>
</html>
