2325 3959
260 371 869 456 Trisrrvuzrr.111.2r3

189 495 220 546 Ec
231 499 364 563 singultatis
376 495 457 546 oscula
469 498 543 544 mixta
555 495 629 544 sonis.

158 576 217 624 Sum
228 593 340 642 quoque,
355 573 417 624 Care
428 609 437 631 ,
447 575 493 622 tuis
505 571 615 621 defensus
624 569 713 620 viribus
723 569 805 619 absens
816 585 823 616 r

192 657 240 703 Scis
252 654 347 705 Carum
357 655 407 703 veri
417 653 522 700 nominis
532 648 579 699 eise
591 649 656 698 loco.

161 731 289 797 Multaque
299 745 411 796 praterea
418 728 536 778 manifesti
545 731 614 792 cigna
622 727 711 777 favoris

195 810 332 858 Pedioribus
342 823 412 856 teneo
425 823 474 856 non
486 808 578 856 abitura
589 808 657 854 meis.
897 818 928 854 ιο

165 885 199 938 Di
213 888 274 945 tibi,
291 883 356 951 poffe
368 899 421 934 tuos
433 919 442 944 ‚
453 886 575 938 tribuant,
587 880 716 932 defendere
727 883 819 946 semper
833 915 841 940 ‚

108 995 112 1003 -
199 964 265 1024 Quos
276 967 301 1012 in
311 963 412 1012 materii
420 963 567 1028 prosperiore
577 966 656 1026 juver.

167 1046 191 1093 si
199 1051 279 1092 'tamen
287 1045 376 1092 interea
386 1076 394 1100 ‚
408 1039 466 1106 quid
476 1044 501 1089 in
509 1042 545 1088 his
558 1056 603 1104 ego
611 1037 717 1104 perditus
730 1040 778 1087 oris
787 1073 796 1097 ‚

194 1116 207 1184 (
219 1113 292 1176 Quod
304 1131 327 1164 te
339 1112 452 1163 credibile
464 1114 495 1164 est
507 1114 631 1182 quaerere)
644 1117 729 1178 queris
740 1147 748 1166 .
760 1129 831 1177 agam
843 1131 850 1161 :

70 1237 72 1244 ,
171 1190 214 1252 Spe
226 1191 306 1236 trahor
317 1186 507 1252 exigud‚quam
520 1201 545 1235 tu
556 1185 719 1235 mihidemere
730 1186 801 1247 noli,
905 1211 933 1255 ²5
1016 1228 1019 1235 .

203 1265 289 1313 Tristia
301 1264 369 1322 leniri
380 1267 479 1312 numina
490 1261 555 1327 poffe
566 1264 625 1312 Dei.

171 1345 215 1394 Seu
225 1357 312 1392 temere
324 1342 447 1404 exspeiiro,
459 1341 506 1388 rive
517 1337 542 1387 id
552 1343 691 1403 contingere
704 1340 738 1388 fas
750 1341 791 1389 est.
872 1343 877 1351 '

207 1421 246 1470 Tu
260 1421 337 1478 mihi,
348 1414 416 1483 quod
429 1419 515 1481 cupio,
529 1416 563 1466 fas
576 1451 584 1475 ,
604 1433 703 1480 precor,
716 1416 762 1465 eise
772 1418 857 1482 proba.

173 1497 279 1562 Quaeque
292 1496 431 1559 tibiiinguae
439 1495 470 1542 est
482 1491 612 1553 facundia,
629 1494 713 1544 confer
722 1499 749 1544 in
759 1495 822 1546 illud
834 1530 843 1556 ,

207 1572 243 1622 Ut
254 1569 339 1620 doceas
350 1585 436 1620 votum
447 1567 512 1634 poii'e
524 1568 603 1619 valere
613 1586 704 1618 meum.
797 1571 800 1577 '
912 1598 942 1646 30

177 1651 216 1712 Qu
309 1651 374 1698 euim
386 1651 480 1714 major,
493 1650 570 1713 magis
581 1647 614 1698 est
625 1648 749 1713 placabilis
758 1652 816 1711 irae5

209 1729 239 1778 Et
251 1727 274 1776 fa
291 1727 332 1780 'les
342 1741 422 1776 motus
432 1742 500 1776 meur
507 1728 621 1790 generosa
633 1730 706 1790 capit.

104 1829 107 1835 Α
178 1805 289 1872 Corpora
305 1805 459 1870 magnanimo
471 1807 525 1854 satis
537 1805 569 1857 est
578 1801 701 1870 prostrasse
713 1805 777 1856 leoni
789 1828 796 1857 ε

212 1885 294 1948 Pugna
306 1885 374 1931 suum
384 1881 472 1942 finem,
485 1881 540 1931 crim
551 1883 712 1948 jecerimus,
728 1887 810 1936 habet.
898 1885 903 1917 Ῡ

181 1962 214 2012 At
226 1961 294 2024 lupus
307 1995 315 2020 ,
329 1963 353 2009 &
369 1975 448 2024 turpes
461 1959 547 2009 instant
558 1963 715 2011 morientibus
725 1968 787 2022 ursi3
917 1990 943 2036 35
958 1983 963 1995 ¹

215 2037 246 2086 Et
254 2054 409 2103 quaecumque
418 2040 497 2087 minor
502 2038 629 2088 nobilitate
636 2040 685 2090 fera
693 2043 734 2092 est.

183 2116 264 2182 Maius
272 2113 336 2183 apud
344 2116 445 2180 Troiam
456 2115 513 2165 forti
523 2115 583 2182 quid
596 2119 711 2169 habemus
721 2122 832 2173 Achille?

217 2191 334 2242 Dardanii
345 2193 462 2255 lacrymas
472 2210 522 2242 non
535 2193 591 2242 tulit
601 2194 642 2242 ille
651 2198 719 2246 senis.

186 2269 246 2332 Quae
256 2271 330 2320 Ducis
342 2271 447 2322 Emathii
457 2271 529 2321 fuerit
539 2273 682 2336 clementia,
698 2277 791 2339 Poros,

220 2349 376 2417 Praeclarique
385 2349 474 2400 docent
486 2349 573 2400 funeris
585 2355 708 2419 exsequiae.

187 2428 256 2480 Neve
266 2431 394 2486 hominum
404 2428 505 2478 referem
517 2429 588 2478 flexas
599 2431 631 2480 ad
643 2435 726 2486 mitius
737 2436 800 2488 irae,

221 2508 321 2562 Juuonis
332 2523 403 2572 gener
415 2507 462 2565 est,
473 2511 515 2572 qui
526 2509 590 2572 priris
599 2510 670 2558 hostis
681 2526 741 2561 erat.

190 2582 301 2649 Denique
312 2585 362 2632 r'ron
372 2581 467 2648 poffum
476 2584 568 2633 nullum
578 2588 669 2651 sperare
680 2588 779 2638 salutern
785 2625 795 2654 ,

225 2660 291 2710 Cdm
302 2677 378 2725 poeuae
389 2677 438 2710 non
449 2664 478 2712 sit
489 2663 557 2710 causa
567 2679 664 2713 cruenta
672 2683 740 2715 meae.

193 2738 253 2791 Non
263 2740 322 2786 mihi
334 2741 448 2804 querenti
460 2736 551 2802 pessum
563 2739 618 2790 dare
630 2748 713 2793 cuueia
725 2779 733 2803 ,
747 2750 850 2810 petitum
906 2734 908 2740 Ι

229 2816 365 2867 Caesareum
376 2829 447 2880 caput
459 2816 507 2875 est,
522 2817 590 2882 quod
599 2835 671 2884 caput
681 2823 745 2871 orbis
758 2840 816 2874 erat.

196 2895 255 2946 Non
266 2893 358 2960 aliquid
369 2891 418 2942 dixi
429 2928 438 2953 ‚
456 2895 609 2962 violentaque
621 2897 701 2963 lingua
712 2900 793 2952 locuta
803 2904 851 2964 estc

231 2974 353 3037 Lapsaque
365 2974 418 3021 suut
427 2975 503 3022 uimio
511 2975 583 3023 verba
593 2976 693 3040 profana
702 2996 778 3030 mero.

198 3049 276 3104 luscia
286 3048 352 3116 quod
359 3053 450 3104 crimen
459 3049 571 3104 viderunt
580 3053 671 3112 lumine
677 3093 686 3119 ,
700 3058 805 3124 plestorr
