2325 3959
189 441 191 447 ·
265 421 523 492 Tartarum
554 415 653 488 Lra.
689 387 756 489 JV.
809 435 874 506 23r

199 544 304 596 Stamina
314 543 345 594 de
355 547 424 608 nigro
434 541 521 592 vellere
533 541 593 590 fasta
604 543 673 589 mihi.

166 620 248 686 thue
258 639 301 671 nec
315 619 427 680 insidias,
445 622 576 684 capitisque
590 618 695 683 pericula
707 634 819 678 narrem,
895 631 924 684 ες

200 700 261 748 Vera
275 697 388 766 quidem,
406 697 462 747 vera
477 694 518 746 sed
530 699 639 761 graviora
654 693 716 753 fidet

79 779 83 793 ¹
166 775 253 826 Vivere
268 777 343 843 qudm
355 778 467 825 miserum
479 775 510 824 est
520 777 581 824 inter
592 770 719 838 Beffosque
728 772 847 838 Getasque

199 853 239 903 Illi
251 889 259 914 ,
281 856 322 919 qui
339 854 423 919 populi
435 855 525 918 semper
536 855 561 901 in
571 869 613 902 ore
624 851 690 900 fuit!
757 860 760 864 ’

166 927 248 992 Quini
259 933 389 989 miserum,
409 931 479 996 porti
494 934 569 980 vitam
586 945 704 994 muroque
721 929 799 986 tueri,
842 947 847 954 ¹
938 979 942 985 ,

201 1010 293 1074 Vixque
304 1009 339 1056 sui
356 1017 435 1057 tutum
444 1009 534 1057 viribus
548 1003 595 1054 effe
607 1005 671 1054 loct!
794 1021 797 1026 ’
897 1034 928 1080 70

164 1087 200 1136 As
197 1103 252 1150 pera
266 1085 360 1135 militiae
370 1088 462 1151 Juvenis
473 1089 604 1134 certamina
614 1083 665 1148 fugi
675 1117 684 1139 ,

199 1164 250 1212 Nec
270 1167 315 1212 nisi
327 1163 406 1212 lusura
416 1166 536 1213 movimus
547 1178 612 1212 arma
622 1176 704 1212 manu.

164 1240 237 1292 Nune
254 1243 331 1291 senior
351 1240 480 1306 gladioque
491 1241 568 1299 latus,
586 1243 701 1306 scutoque
714 1239 846 1298 sinistram,

198 1319 321 1368 Canitiem
334 1319 406 1382 galeae
419 1321 566 1384 subjicioque
577 1334 666 1368 meam.

164 1393 230 1445 Nam
246 1395 311 1445 dedit
321 1414 333 1444 e
343 1396 439 1460 speculi
452 1397 529 1445 custos
538 1399 578 1445 ubi
593 1401 660 1462 signa
671 1395 804 1459 tumultus,
894 1415 924 1468 75

199 1469 324 1521 Induimur
336 1470 428 1536 trepida
438 1475 547 1536 protinus
558 1489 624 1521 arma
634 1491 716 1522 manu.

164 1546 263 1608 Hostis,
280 1550 367 1598 habens
376 1565 457 1608 arcus,
472 1551 612 1616 imbutaque
628 1552 675 1600 teia
687 1567 780 1602 terreno
786 1588 796 1614 ,

196 1629 275 1678 Saevus
284 1629 404 1677 anhelanti
416 1631 506 1680 moeuia
519 1627 601 1678 lustrat
611 1647 683 1696 equo.

149 1731 151 1736 v
162 1706 245 1772 thue
261 1723 333 1771 rapax
343 1705 476 1771 pecudem,
495 1721 548 1774 quat
563 1709 587 1758 se
596 1725 648 1758 non
658 1713 718 1760 texit
730 1710 790 1758 ovili
805 1743 814 1769 ‚
876 1733 880 1736 ·

196 1785 239 1832 Per
252 1785 300 1832 sata
313 1818 320 1843 ,
332 1797 372 1848 per
384 1784 454 1835 silvas
467 1817 475 1844 ‚
488 1785 581 1853 fertque
593 1789 714 1853 trahitque
725 1787 810 1853 lupus,
895 1798 927 1846 80

162 1863 214 1918 Sic,
227 1863 331 1926 siquem
349 1861 458 1912 nondum
469 1878 593 1928 portarum
604 1868 657 1930 sepe
671 1881 794 1930 receptum

194 1939 309 1988 Barbarus
321 1941 347 1987 in
359 1943 448 2002 campis
459 1946 546 2004 reperit
557 1944 644 1998 hostis,
659 1947 718 2008 agit.

162 2015 211 2064 Aut
222 2017 328 2080 sequitur
343 2030 442 2080 captus,
455 2022 610 2084 conjebaque
623 2019 721 2070 vincula
732 2021 798 2071 collo

194 2095 304 2157 Accipi13
318 2108 359 2142 aut
371 2093 420 2142 telo
431 2098 495 2142 virus
509 2097 612 2145 habente
623 2096 696 2146 cadit.

162 2167 209 2216 Hic
222 2168 371 2233 egosolicitae
381 2173 448 2232 jaceo
462 2185 537 2218 novus
547 2171 628 2219 incola
637 2169 707 2219 sedis.
896 2178 923 2239 85

194 2245 264 2296 Heni
284 2246 388 2298 uimidm
399 2247 442 2296 fati
453 2261 561 2312 tempora
569 2248 643 2314 longa
652 2248 717 2298 mei!

161 2323 193 2372 Et
208 2340 288 2374 tamen
299 2323 330 2374 ad
339 2341 452 2374 numeros
465 2329 610 2393 antiquaque
621 2329 686 2376 sacra
696 2329 781 2378 reverti

195 2403 297 2453 Sustinet
306 2407 332 2452 irr
346 2406 417 2453 tantis
428 2405 522 2470 hospita
530 2405 600 2456 Musa
608 2406 703 2454 maiis(

142 2513 143 2516 =
162 2477 309 2545 Sedneqteui
319 2484 417 2530 recitem
428 2485 553 2549 quisquam
562 2485 595 2533 est
601 2501 654 2532 mea
659 2487 776 2547 carmina3
783 2501 826 2537 net
833 2489 875 2553 qui

189 2559 289 2606 Auribus
300 2562 401 2622 accipiat
411 2561 482 2610 verba
493 2563 576 2611 Latina
588 2564 643 2612 suis.
893 2587 926 2630 90

162 2635 215 2698 Ipse
225 2637 285 2684 mihi
295 2671 304 2695 ,
314 2635 373 2701 quid
388 2640 450 2685 enim
468 2638 554 2688 faciam
566 2641 575 2689 ἓ
590 2642 714 2708 scriboqoe
724 2642 841 2711 legoque:

196 2713 307 2777 Tutaque
322 2711 414 2778 judicio
426 2714 493 2764 litera
504 2717 581 2766 nostra
589 2719 631 2766 suo
645 2721 687 2768 est.

161 2791 227 2854 Saepe
239 2805 320 2840 tamen
330 2789 396 2846 dixi,
410 2792 459 2842 Cui
466 2809 530 2844 nunc
541 2797 656 2844 haecttrra
668 2797 778 2850 laborat?

195 2871 232 2916 An
247 2885 300 2917 mea
315 2871 459 2920 Sauromata
471 2873 555 2936 scripta
564 2873 678 2940 Getaeque
686 2875 787 2942 legent?

162 2947 228 3010 Saepe
237 2949 311 2995 etiam
320 2946 432 3009 lacrymat
443 2964 481 2998 nte
490 2950 544 2998 suut
554 2951 670 3001 scribente
678 2954 792 3018 prorbsoe,
893 2970 921 3019 95

195 3022 349 3090 Humidaque
362 3025 395 3074 est
406 3023 464 3074 fletu
476 3026 543 3076 litera
553 3021 614 3078 iada
623 3041 688 3081 meo.

162 3098 263 3168 Corque
272 3103 363 3156 vetusta
371 3115 452 3158 meum
457 3137 467 3170 ,
480 3118 603 3172 tanqum
611 3111 876 3175 aorn,ee1nerafemh;

709 3228 713 3261 r
