<?xml version="1.0" encoding="UTF-8"?>
<!DOCTYPE html PUBLIC "-//W3C//DTD XHTML 1.0 Transitional//EN"
    "http://www.w3.org/TR/xhtml1/DTD/xhtml1-transitional.dtd">
<html xmlns="http://www.w3.org/1999/xhtml" xml:lang="en" lang="en">
 <head>
  <title>
</title>
<meta http-equiv="Content-Type" content="text/html;charset=utf-8" />
  <meta name='ocr-system' content='tesseract 3.04.00' />
  <meta name='ocr-capabilities' content='ocr_page ocr_carea ocr_par ocr_line ocrx_word'/>
</head>
<body>
  <div class='ocr_page' id='page_1' title='image "./povidiinasoniso02ovidgoog_0088.png"; bbox 0 0 2325 3959; ppageno 0'>
   <div class='ocr_carea' id='block_1_1' title="bbox 293 421 873 497">
    <p class='ocr_par' dir='ltr' id='par_1_1' title="bbox 293 421 873 497">
     <span class='ocr_line' id='line_1_1' title="bbox 293 421 873 497; baseline 0.009 -7"><span class='ocrx_word' id='word_1_1' title='bbox 293 426 339 490; x_wconf 82' lang='lat'>86</span> <span class='ocrx_word' id='word_1_2' title='bbox 410 421 455 489; x_wconf 85' lang='lat' dir='ltr'>P.</span> <span class='ocrx_word' id='word_1_3' title='bbox 486 423 643 492; x_wconf 79' lang='lat' dir='ltr'>Orrnrr</span> <span class='ocrx_word' id='word_1_4' title='bbox 675 426 873 497; x_wconf 78' lang='lat' dir='ltr'>NAsours</span> 
     </span>
    </p>
   </div>
   <div class='ocr_carea' id='block_1_2' title="bbox 193 538 992 2873">
    <p class='ocr_par' dir='ltr' id='par_1_2' title="bbox 193 538 992 2873">
     <span class='ocr_line' id='line_1_2' title="bbox 242 538 992 613; baseline 0.011 -24"><span class='ocrx_word' id='word_1_5' title='bbox 242 540 357 603; x_wconf 85' lang='lat' dir='ltr'>&#39;795Quid</span> <span class='ocrx_word' id='word_1_6' title='bbox 371 538 463 591; x_wconf 80' lang='lat' dir='ltr'>dederit</span> <span class='ocrx_word' id='word_1_7' title='bbox 479 542 588 602; x_wconf 86' lang='lat' dir='ltr'>volucri,</span> <span class='ocrx_word' id='word_1_8' title='bbox 604 548 623 593; x_wconf 86' lang='lat' dir='ltr'>si</span> <span class='ocrx_word' id='word_1_9' title='bbox 634 549 670 596; x_wconf 81' lang='lat' dir='ltr'>vis</span> <span class='ocrx_word' id='word_1_10' title='bbox 687 550 847 612; x_wconf 80' lang='lat' dir='ltr'>cognoscere,</span> <span class='ocrx_word' id='word_1_11' title='bbox 859 546 963 613; x_wconf 67' lang='lat' dir='ltr'>calum</span> <span class='ocrx_word' id='word_1_12' title='bbox 977 564 992 607; x_wconf 67' lang='grc' dir='ltr'><strong><em>ς</em></strong></span> 
     </span>
     <span class='ocr_line' id='line_1_3' title="bbox 323 621 796 689; baseline 0.015 -21"><span class='ocrx_word' id='word_1_13' title='bbox 323 621 438 670; x_wconf 84' lang='lat' dir='ltr'>Saturnus</span> <span class='ocrx_word' id='word_1_14' title='bbox 447 624 525 686; x_wconf 71' lang='lat' dir='ltr'>regnis</span> <span class='ocrx_word' id='word_1_15' title='bbox 538 624 568 670; x_wconf 86' lang='lat' dir='ltr'>ab</span> <span class='ocrx_word' id='word_1_16' title='bbox 579 622 638 673; x_wconf 85' lang='lat' dir='ltr'>Jove</span> <span class='ocrx_word' id='word_1_17' title='bbox 650 624 729 689; x_wconf 82' lang='lat' dir='ltr'>pulsus</span> <span class='ocrx_word' id='word_1_18' title='bbox 737 642 796 676; x_wconf 82' lang='lat' dir='ltr'>erat.</span> 
     </span>
     <span class='ocr_line' id='line_1_4' title="bbox 290 695 840 765; baseline 0.013 -18"><span class='ocrx_word' id='word_1_19' title='bbox 290 695 408 747; x_wconf 74' lang='lat' dir='ltr'>Concitet</span> <span class='ocrx_word' id='word_1_20' title='bbox 421 701 493 747; x_wconf 89' lang='lat' dir='ltr'>iratus</span> <span class='ocrx_word' id='word_1_21' title='bbox 504 699 597 751; x_wconf 83' lang='lat' dir='ltr'>validos</span> <span class='ocrx_word' id='word_1_22' title='bbox 605 702 703 753; x_wconf 84' lang='lat' dir='ltr'>Titanas</span> <span class='ocrx_word' id='word_1_23' title='bbox 713 708 738 753; x_wconf 87' lang='lat' dir='ltr'>in</span> <span class='ocrx_word' id='word_1_24' title='bbox 753 720 818 754; x_wconf 80' lang='lat' dir='ltr'>arma</span> <span class='ocrx_word' id='word_1_25' title='bbox 830 740 840 765; x_wconf 92' lang='lat'>,</span> 
     </span>
     <span class='ocr_line' id='line_1_5' title="bbox 322 774 862 851; baseline 0.015 -28"><span class='ocrx_word' id='word_1_26' title='bbox 322 774 430 851; x_wconf 71' lang='lat' dir='ltr'>Quaque</span> <span class='ocrx_word' id='word_1_27' title='bbox 445 777 492 826; x_wconf 87' lang='lat' dir='ltr'>fult</span> <span class='ocrx_word' id='word_1_28' title='bbox 507 777 562 827; x_wconf 86' lang='lat' dir='ltr'>satis</span> <span class='ocrx_word' id='word_1_29' title='bbox 573 777 673 839; x_wconf 82' lang='lat' dir='ltr'>debita,</span> <span class='ocrx_word' id='word_1_30' title='bbox 688 783 766 847; x_wconf 84' lang='lat' dir='ltr'>poscit</span> <span class='ocrx_word' id='word_1_31' title='bbox 780 798 862 847; x_wconf 86' lang='lat' dir='ltr'>opem.</span> 
     </span>
     <span class='ocr_line' id='line_1_6' title="bbox 290 852 928 923; baseline 0.009 -21"><span class='ocrx_word' id='word_1_32' title='bbox 290 852 370 902; x_wconf 81' lang='lat' dir='ltr'>Matre</span> <span class='ocrx_word' id='word_1_33' title='bbox 380 856 442 904; x_wconf 83' lang='lat' dir='ltr'>satus</span> <span class='ocrx_word' id='word_1_34' title='bbox 451 856 543 916; x_wconf 74' lang='lat' dir='ltr'>Tetri,</span> <span class='ocrx_word' id='word_1_35' title='bbox 559 858 693 908; x_wconf 82' lang='lat' dir='ltr'>monstrum</span> <span class='ocrx_word' id='word_1_36' title='bbox 705 860 830 923; x_wconf 84' lang='lat' dir='ltr'>mirabile,</span> <span class='ocrx_word' id='word_1_37' title='bbox 843 876 928 911; x_wconf 81' lang='lat' dir='ltr'>taurus</span> 
     </span>
     <span class='ocr_line' id='line_1_7' title="bbox 242 931 740 1000; baseline 0.022 -22"><span class='ocrx_word' id='word_1_38' title='bbox 242 932 290 979; x_wconf 69' lang='lat' dir='ltr'>loo</span> <span class='ocrx_word' id='word_1_39' title='bbox 322 931 390 982; x_wconf 85' lang='lat' dir='ltr'>Parte</span> <span class='ocrx_word' id='word_1_40' title='bbox 401 936 436 982; x_wconf 88' lang='lat' dir='ltr'>sui</span> <span class='ocrx_word' id='word_1_41' title='bbox 447 935 540 999; x_wconf 81' lang='lat' dir='ltr'>serpens</span> <span class='ocrx_word' id='word_1_42' title='bbox 547 936 676 1000; x_wconf 82' lang='lat' dir='ltr'>posteriore</span> <span class='ocrx_word' id='word_1_43' title='bbox 685 938 740 989; x_wconf 91' lang='lat' dir='ltr'>fuir.</span> 
     </span>
     <span class='ocr_line' id='line_1_8' title="bbox 291 1008 838 1078; baseline 0.016 -20"><span class='ocrx_word' id='word_1_44' title='bbox 291 1008 362 1059; x_wconf 81' lang='lat' dir='ltr'>Hunc</span> <span class='ocrx_word' id='word_1_45' title='bbox 376 1010 465 1076; x_wconf 84' lang='lat' dir='ltr'>triplici</span> <span class='ocrx_word' id='word_1_46' title='bbox 476 1028 547 1061; x_wconf 83' lang='lat' dir='ltr'>usuro</span> <span class='ocrx_word' id='word_1_47' title='bbox 556 1014 615 1063; x_wconf 86' lang='lat' dir='ltr'>lucis</span> <span class='ocrx_word' id='word_1_48' title='bbox 625 1015 751 1066; x_wconf 80' lang='lat' dir='ltr'>incluserat</span> <span class='ocrx_word' id='word_1_49' title='bbox 763 1021 818 1068; x_wconf 86' lang='lat' dir='ltr'>atris</span> <span class='ocrx_word' id='word_1_50' title='bbox 830 1051 838 1078; x_wconf 96' lang='lat'>,</span> 
     </span>
     <span class='ocr_line' id='line_1_9' title="bbox 322 1087 878 1154; baseline 0.014 -19"><span class='ocrx_word' id='word_1_51' title='bbox 322 1087 449 1137; x_wconf 77' lang='lat' dir='ltr'>Parcarum</span> <span class='ocrx_word' id='word_1_52' title='bbox 459 1094 570 1148; x_wconf 85' lang='lat' dir='ltr'>monitu,</span> <span class='ocrx_word' id='word_1_53' title='bbox 587 1094 644 1153; x_wconf 85' lang='lat' dir='ltr'>Styx</span> <span class='ocrx_word' id='word_1_54' title='bbox 654 1095 760 1144; x_wconf 81' lang='lat' dir='ltr'>violenta</span> <span class='ocrx_word' id='word_1_55' title='bbox 771 1129 780 1154; x_wconf 95' lang='lat'>,</span> <span class='ocrx_word' id='word_1_56' title='bbox 796 1098 878 1144; x_wconf 87' lang='lat' dir='ltr'>trium.</span> 
     </span>
     <span class='ocr_line' id='line_1_10' title="bbox 289 1165 879 1232; baseline 0.008 -17"><span class='ocrx_word' id='word_1_57' title='bbox 289 1165 385 1217; x_wconf 81' lang='lat' dir='ltr'>Viscera</span> <span class='ocrx_word' id='word_1_58' title='bbox 396 1170 438 1232; x_wconf 91' lang='lat' dir='ltr'>qui</span> <span class='ocrx_word' id='word_1_59' title='bbox 449 1170 510 1216; x_wconf 86' lang='lat' dir='ltr'>tauri</span> <span class='ocrx_word' id='word_1_60' title='bbox 521 1167 626 1218; x_wconf 77' lang='lat' dir='ltr'>flammis</span> <span class='ocrx_word' id='word_1_61' title='bbox 634 1169 754 1222; x_wconf 79' lang='lat' dir='ltr'>adolenda</span> <span class='ocrx_word' id='word_1_62' title='bbox 761 1168 862 1221; x_wconf 82' lang='lat' dir='ltr'>dedillet</span> <span class='ocrx_word' id='word_1_63' title='bbox 869 1205 879 1232; x_wconf 93' lang='lat'>,</span> 
     </span>
     <span class='ocr_line' id='line_1_11' title="bbox 322 1244 834 1314; baseline 0.012 -22"><span class='ocrx_word' id='word_1_64' title='bbox 322 1244 377 1293; x_wconf 85' lang='lat' dir='ltr'>Sors</span> <span class='ocrx_word' id='word_1_65' title='bbox 388 1259 455 1304; x_wconf 89' lang='lat' dir='ltr'>erat,</span> <span class='ocrx_word' id='word_1_66' title='bbox 466 1261 567 1295; x_wconf 69' lang='lat' dir='ltr'>aceruos</span> <span class='ocrx_word' id='word_1_67' title='bbox 575 1250 670 1297; x_wconf 86' lang='lat' dir='ltr'>vincere</span> <span class='ocrx_word' id='word_1_68' title='bbox 685 1246 750 1314; x_wconf 82' lang='lat' dir='ltr'>posl&#39;e</span> <span class='ocrx_word' id='word_1_69' title='bbox 760 1249 834 1298; x_wconf 85' lang='lat' dir='ltr'>Deos.</span> 
     </span>
     <span class='ocr_line' id='line_1_12' title="bbox 242 1316 991 1383; baseline 0.011 -14"><span class='ocrx_word' id='word_1_70' title='bbox 242 1316 405 1383; x_wconf 70' lang='lat' dir='ltr'>⁸05lmmolat</span> <span class='ocrx_word' id='word_1_71' title='bbox 422 1326 484 1374; x_wconf 91' lang='lat' dir='ltr'>hunc</span> <span class='ocrx_word' id='word_1_72' title='bbox 505 1324 612 1375; x_wconf 83' lang='lat' dir='ltr'>briareus</span> <span class='ocrx_word' id='word_1_73' title='bbox 628 1328 689 1379; x_wconf 70' lang='lat' dir='ltr'>rsus</span> <span class='ocrx_word' id='word_1_74' title='bbox 705 1344 733 1378; x_wconf 82' lang='lat' dir='ltr'>er</span> <span class='ocrx_word' id='word_1_75' title='bbox 750 1326 876 1379; x_wconf 81' lang='lat' dir='ltr'>adamante</span> <span class='ocrx_word' id='word_1_76' title='bbox 890 1327 991 1377; x_wconf 71' lang='lat' dir='ltr'>securis</span> 
     </span>
     <span class='ocr_line' id='line_1_13' title="bbox 321 1398 900 1467; baseline 0.014 -19"><span class='ocrx_word' id='word_1_77' title='bbox 321 1398 353 1449; x_wconf 83' lang='lat' dir='ltr'>Et</span> <span class='ocrx_word' id='word_1_78' title='bbox 363 1405 412 1465; x_wconf 82' lang='lat' dir='ltr'>jam</span> <span class='ocrx_word' id='word_1_79' title='bbox 421 1405 470 1467; x_wconf 85' lang='lat' dir='ltr'>jarn</span> <span class='ocrx_word' id='word_1_80' title='bbox 480 1401 582 1452; x_wconf 82' lang='lat' dir='ltr'>flammis</span> <span class='ocrx_word' id='word_1_81' title='bbox 594 1420 646 1454; x_wconf 82' lang='lat' dir='ltr'>exta</span> <span class='ocrx_word' id='word_1_82' title='bbox 656 1404 752 1455; x_wconf 85' lang='lat' dir='ltr'>daturus</span> <span class='ocrx_word' id='word_1_83' title='bbox 762 1421 820 1455; x_wconf 86' lang='lat' dir='ltr'>erar.</span> <span class='ocrx_word' id='word_1_84' title='bbox 897 1430 900 1435; x_wconf 25' lang='grc' dir='ltr'><strong>Δ</strong></span> 
     </span>
     <span class='ocr_line' id='line_1_14' title="bbox 288 1475 873 1547; baseline 0.014 -23"><span class='ocrx_word' id='word_1_85' title='bbox 288 1475 395 1541; x_wconf 77' lang='lat' dir='ltr'>luppiter</span> <span class='ocrx_word' id='word_1_86' title='bbox 410 1477 507 1529; x_wconf 77' lang='lat' dir='ltr'>alitibus</span> <span class='ocrx_word' id='word_1_87' title='bbox 519 1497 600 1547; x_wconf 83' lang='lat' dir='ltr'>rapere</span> <span class='ocrx_word' id='word_1_88' title='bbox 611 1486 714 1547; x_wconf 82' lang='lat' dir='ltr'>imperat</span> <span class='ocrx_word' id='word_1_89' title='bbox 726 1502 732 1531; x_wconf 77' lang='lat' dir='ltr'>r</span> <span class='ocrx_word' id='word_1_90' title='bbox 745 1484 826 1533; x_wconf 82' lang='lat' dir='ltr'>attulit</span> <span class='ocrx_word' id='word_1_91' title='bbox 835 1481 873 1532; x_wconf 89' lang='lat' dir='ltr'>illi</span> 
     </span>
     <span class='ocr_line' id='line_1_15' title="bbox 321 1554 830 1611; baseline 0.016 -10"><span class='ocrx_word' id='word_1_92' title='bbox 321 1554 431 1603; x_wconf 84' lang='lat' dir='ltr'>Miluus:</span> <span class='ocrx_word' id='word_1_93' title='bbox 444 1560 468 1606; x_wconf 78' lang='lat' dir='ltr'>bc</span> <span class='ocrx_word' id='word_1_94' title='bbox 485 1562 576 1607; x_wconf 85' lang='lat' dir='ltr'>meritis</span> <span class='ocrx_word' id='word_1_95' title='bbox 587 1564 653 1610; x_wconf 87' lang='lat' dir='ltr'>venit</span> <span class='ocrx_word' id='word_1_96' title='bbox 667 1565 692 1610; x_wconf 92' lang='lat' dir='ltr'>in</span> <span class='ocrx_word' id='word_1_97' title='bbox 707 1563 765 1611; x_wconf 79' lang='lat' dir='ltr'>astra</span> <span class='ocrx_word' id='word_1_98' title='bbox 776 1564 830 1611; x_wconf 84' lang='lat' dir='ltr'>suis.</span> 
     </span>
     <span class='ocr_line' id='line_1_16' title="bbox 193 1629 888 1701; baseline 0.016 -24"><span class='ocrx_word' id='word_1_99' title='bbox 193 1693 198 1701; x_wconf 32' lang='lat'><strong>·</strong></span> <span class='ocrx_word' id='word_1_100' title='bbox 288 1629 358 1680; x_wconf 79' lang='lat' dir='ltr'>UNA</span> <span class='ocrx_word' id='word_1_101' title='bbox 370 1630 420 1682; x_wconf 86' lang='lat' dir='ltr'>dies</span> <span class='ocrx_word' id='word_1_102' title='bbox 429 1634 508 1685; x_wconf 82' lang='lat' dir='ltr'>media</span> <span class='ocrx_word' id='word_1_103' title='bbox 518 1637 564 1695; x_wconf 82' lang='lat' dir='ltr'>est,</span> <span class='ocrx_word' id='word_1_104' title='bbox 578 1642 602 1686; x_wconf 77' lang='grc' dir='ltr'>δι</span> <span class='ocrx_word' id='word_1_105' title='bbox 615 1638 675 1689; x_wconf 84' lang='lat' dir='ltr'>fiunt</span> <span class='ocrx_word' id='word_1_106' title='bbox 687 1640 750 1689; x_wconf 85' lang='lat' dir='ltr'>sacra</span> <span class='ocrx_word' id='word_1_107' title='bbox 758 1640 888 1697; x_wconf 63' lang='lat' dir='ltr'>Minerva-‚3</span> 
     </span>
     <span class='ocr_line' id='line_1_17' title="bbox 242 1708 910 1783; baseline 0.003 -20"><span class='ocrx_word' id='word_1_108' title='bbox 242 1712 290 1763; x_wconf 71' lang='lat' dir='ltr'>Pro</span> <span class='ocrx_word' id='word_1_109' title='bbox 322 1708 478 1779; x_wconf 79' lang='lat' dir='ltr'>Noruinaque</span> <span class='ocrx_word' id='word_1_110' title='bbox 489 1717 597 1780; x_wconf 67' lang='lat' dir='ltr'>ajunstis</span> <span class='ocrx_word' id='word_1_111' title='bbox 609 1720 714 1783; x_wconf 91' lang='lat' dir='ltr'>quinque</span> <span class='ocrx_word' id='word_1_112' title='bbox 723 1715 804 1766; x_wconf 87' lang='lat' dir='ltr'>diebus</span> <span class='ocrx_word' id='word_1_113' title='bbox 812 1718 910 1765; x_wconf 89' lang='lat' dir='ltr'>habent.</span> 
     </span>
     <span class='ocr_line' id='line_1_18' title="bbox 289 1788 945 1857; baseline 0.011 -21"><span class='ocrx_word' id='word_1_114' title='bbox 289 1788 406 1853; x_wconf 77' lang='lat' dir='ltr'>Sanguine</span> <span class='ocrx_word' id='word_1_115' title='bbox 421 1794 498 1857; x_wconf 84' lang='lat' dir='ltr'>prima</span> <span class='ocrx_word' id='word_1_116' title='bbox 511 1809 582 1844; x_wconf 85' lang='lat' dir='ltr'>vacat</span> <span class='ocrx_word' id='word_1_117' title='bbox 595 1812 600 1841; x_wconf 73' lang='grc' dir='ltr'><strong>ε</strong></span> <span class='ocrx_word' id='word_1_118' title='bbox 613 1810 657 1843; x_wconf 87' lang='lat' dir='ltr'>nec</span> <span class='ocrx_word' id='word_1_119' title='bbox 672 1794 706 1845; x_wconf 84' lang='lat' dir='ltr'>fas</span> <span class='ocrx_word' id='word_1_120' title='bbox 717 1812 856 1845; x_wconf 87' lang='lat' dir='ltr'>concurrere</span> <span class='ocrx_word' id='word_1_121' title='bbox 869 1794 945 1843; x_wconf 70' lang='lat' dir='ltr'>ferro·</span> 
     </span>
     <span class='ocr_line' id='line_1_19' title="bbox 321 1864 843 1947; baseline 0.011 -32"><span class='ocrx_word' id='word_1_122' title='bbox 321 1864 417 1928; x_wconf 81' lang='lat' dir='ltr'>Causa,</span> <span class='ocrx_word' id='word_1_123' title='bbox 429 1868 496 1935; x_wconf 90' lang='lat' dir='ltr'>quod</span> <span class='ocrx_word' id='word_1_124' title='bbox 508 1871 541 1919; x_wconf 85' lang='lat' dir='ltr'>est</span> <span class='ocrx_word' id='word_1_125' title='bbox 550 1872 594 1921; x_wconf 72' lang='lat' dir='ltr'>illd</span> <span class='ocrx_word' id='word_1_126' title='bbox 608 1888 664 1924; x_wconf 83' lang='lat' dir='ltr'>nate</span> <span class='ocrx_word' id='word_1_127' title='bbox 675 1874 785 1947; x_wconf 68' lang='lat' dir='ltr'>Minerva</span> <span class='ocrx_word' id='word_1_128' title='bbox 795 1870 843 1922; x_wconf 82' lang='lat' dir='ltr'>die.</span> 
     </span>
     <span class='ocr_line' id='line_1_20' title="bbox 287 1944 909 2016; baseline 0.011 -22"><span class='ocrx_word' id='word_1_129' title='bbox 287 1944 383 2006; x_wconf 80' lang='lat' dir='ltr'>Altera,</span> <span class='ocrx_word' id='word_1_130' title='bbox 400 1963 492 2015; x_wconf 83' lang='lat' dir='ltr'>tresque</span> <span class='ocrx_word' id='word_1_131' title='bbox 505 1952 573 2016; x_wconf 87' lang='lat' dir='ltr'>super</span> <span class='ocrx_word' id='word_1_132' title='bbox 584 1950 655 2001; x_wconf 70' lang='lat' dir='ltr'>strati</span> <span class='ocrx_word' id='word_1_133' title='bbox 668 1951 817 2001; x_wconf 79' lang='lat' dir='ltr'>celebrantur</span> <span class='ocrx_word' id='word_1_134' title='bbox 827 1950 909 2001; x_wconf 70' lang='lat' dir='ltr'>areni.</span> 
     </span>
     <span class='ocr_line' id='line_1_21' title="bbox 320 2024 803 2079; baseline 0.01 -6"><span class='ocrx_word' id='word_1_135' title='bbox 320 2024 420 2075; x_wconf 82' lang='lat' dir='ltr'>Ensibus</span> <span class='ocrx_word' id='word_1_136' title='bbox 431 2029 525 2077; x_wconf 81' lang='lat' dir='ltr'>exsertis</span> <span class='ocrx_word' id='word_1_137' title='bbox 540 2027 626 2077; x_wconf 88' lang='lat' dir='ltr'>bellica</span> <span class='ocrx_word' id='word_1_138' title='bbox 636 2028 691 2078; x_wconf 79' lang='lat' dir='ltr'>laeta</span> <span class='ocrx_word' id='word_1_139' title='bbox 700 2028 752 2079; x_wconf 82' lang='lat' dir='ltr'>Dea</span> <span class='ocrx_word' id='word_1_140' title='bbox 763 2030 803 2078; x_wconf 87' lang='lat' dir='ltr'>est.</span> 
     </span>
     <span class='ocr_line' id='line_1_22' title="bbox 240 2098 879 2174; baseline 0.008 -24"><span class='ocrx_word' id='word_1_141' title='bbox 240 2098 384 2170; x_wconf 78' lang='lat' dir='ltr'>815Pellada</span> <span class='ocrx_word' id='word_1_142' title='bbox 395 2122 458 2155; x_wconf 91' lang='lat' dir='ltr'>nunc</span> <span class='ocrx_word' id='word_1_143' title='bbox 468 2110 534 2171; x_wconf 84' lang='lat' dir='ltr'>pueri</span> <span class='ocrx_word' id='word_1_144' title='bbox 546 2122 678 2174; x_wconf 80' lang='lat' dir='ltr'>teneraeque</span> <span class='ocrx_word' id='word_1_145' title='bbox 690 2123 773 2157; x_wconf 86' lang='lat' dir='ltr'>ornate</span> <span class='ocrx_word' id='word_1_146' title='bbox 784 2105 879 2172; x_wconf 74' lang='lat' dir='ltr'>puellz.</span> 
     </span>
     <span class='ocr_line' id='line_1_23' title="bbox 320 2180 828 2248; baseline 0.01 -18"><span class='ocrx_word' id='word_1_147' title='bbox 320 2180 369 2241; x_wconf 87' lang='lat' dir='ltr'>Qui</span> <span class='ocrx_word' id='word_1_148' title='bbox 383 2183 443 2232; x_wconf 88' lang='lat' dir='ltr'>bene</span> <span class='ocrx_word' id='word_1_149' title='bbox 458 2184 559 2248; x_wconf 74' lang='lat' dir='ltr'>placitis</span> <span class='ocrx_word' id='word_1_150' title='bbox 570 2184 668 2235; x_wconf 86' lang='lat' dir='ltr'>Pallada</span> <span class='ocrx_word' id='word_1_151' title='bbox 681 2184 763 2235; x_wconf 74' lang='lat' dir='ltr'>dodius</span> <span class='ocrx_word' id='word_1_152' title='bbox 776 2189 828 2235; x_wconf 87' lang='lat' dir='ltr'>erit.</span> 
     </span>
     <span class='ocr_line' id='line_1_24' title="bbox 287 2256 835 2329; baseline 0.011 -23"><span class='ocrx_word' id='word_1_153' title='bbox 287 2256 384 2308; x_wconf 80' lang='lat' dir='ltr'>Pallade</span> <span class='ocrx_word' id='word_1_154' title='bbox 395 2260 503 2323; x_wconf 76' lang='lat' dir='ltr'>placati,</span> <span class='ocrx_word' id='word_1_155' title='bbox 516 2262 596 2311; x_wconf 87' lang='lat' dir='ltr'>lanam</span> <span class='ocrx_word' id='word_1_156' title='bbox 605 2262 715 2318; x_wconf 85' lang='lat' dir='ltr'>mollite,</span> <span class='ocrx_word' id='word_1_157' title='bbox 732 2263 817 2329; x_wconf 71' lang='lat' dir='ltr'>puelle</span> <span class='ocrx_word' id='word_1_158' title='bbox 824 2296 835 2325; x_wconf 89' lang='lat'>‚</span> 
     </span>
     <span class='ocr_line' id='line_1_25' title="bbox 319 2336 783 2403; baseline 0.011 -18"><span class='ocrx_word' id='word_1_159' title='bbox 319 2336 410 2386; x_wconf 88' lang='lat' dir='ltr'>Discite</span> <span class='ocrx_word' id='word_1_160' title='bbox 420 2342 469 2403; x_wconf 87' lang='lat' dir='ltr'>jam</span> <span class='ocrx_word' id='word_1_161' title='bbox 482 2338 562 2403; x_wconf 83' lang='lat' dir='ltr'>plenas</span> <span class='ocrx_word' id='word_1_162' title='bbox 573 2356 699 2389; x_wconf 83' lang='lat' dir='ltr'>exonerare</span> <span class='ocrx_word' id='word_1_163' title='bbox 707 2340 783 2390; x_wconf 88' lang='lat' dir='ltr'>colos.</span> 
     </span>
     <span class='ocr_line' id='line_1_26' title="bbox 286 2411 797 2483; baseline 0.012 -22"><span class='ocrx_word' id='word_1_164' title='bbox 286 2411 331 2463; x_wconf 82' lang='lat' dir='ltr'>Illa</span> <span class='ocrx_word' id='word_1_165' title='bbox 341 2418 412 2463; x_wconf 87' lang='lat' dir='ltr'>eriam</span> <span class='ocrx_word' id='word_1_166' title='bbox 423 2416 507 2466; x_wconf 84' lang='lat' dir='ltr'>stantes</span> <span class='ocrx_word' id='word_1_167' title='bbox 516 2415 583 2467; x_wconf 88' lang='lat' dir='ltr'>radio</span> <span class='ocrx_word' id='word_1_168' title='bbox 595 2436 728 2483; x_wconf 88' lang='lat' dir='ltr'>percurrere</span> <span class='ocrx_word' id='word_1_169' title='bbox 740 2417 797 2469; x_wconf 88' lang='lat' dir='ltr'>telas</span> 
     </span>
     <span class='ocr_line' id='line_1_27' title="bbox 239 2490 835 2561; baseline 0.005 -18"><span class='ocrx_word' id='word_1_170' title='bbox 239 2495 287 2545; x_wconf 77' lang='lat'>820</span> <span class='ocrx_word' id='word_1_171' title='bbox 320 2490 419 2552; x_wconf 82' lang='lat' dir='ltr'>Erudit,</span> <span class='ocrx_word' id='word_1_172' title='bbox 435 2498 460 2543; x_wconf 76' lang='lat' dir='ltr'>br</span> <span class='ocrx_word' id='word_1_173' title='bbox 477 2512 555 2543; x_wconf 83' lang='lat' dir='ltr'>rarum</span> <span class='ocrx_word' id='word_1_174' title='bbox 570 2499 661 2561; x_wconf 73' lang='lat' dir='ltr'>pesiine</span> <span class='ocrx_word' id='word_1_175' title='bbox 673 2494 754 2547; x_wconf 88' lang='lat' dir='ltr'>denset</span> <span class='ocrx_word' id='word_1_176' title='bbox 765 2513 835 2561; x_wconf 85' lang='lat' dir='ltr'>opus.</span> 
     </span>
     <span class='ocr_line' id='line_1_28' title="bbox 287 2568 939 2639; baseline 0.008 -21"><span class='ocrx_word' id='word_1_177' title='bbox 287 2568 356 2619; x_wconf 86' lang='lat' dir='ltr'>Hanc</span> <span class='ocrx_word' id='word_1_178' title='bbox 372 2569 442 2632; x_wconf 90' lang='lat' dir='ltr'>cole,</span> <span class='ocrx_word' id='word_1_179' title='bbox 456 2576 497 2639; x_wconf 88' lang='lat' dir='ltr'>qui</span> <span class='ocrx_word' id='word_1_180' title='bbox 510 2573 614 2623; x_wconf 86' lang='lat' dir='ltr'>maculas</span> <span class='ocrx_word' id='word_1_181' title='bbox 623 2574 682 2624; x_wconf 72' lang='lat' dir='ltr'>lasis</span> <span class='ocrx_word' id='word_1_182' title='bbox 691 2574 719 2623; x_wconf 88' lang='lat' dir='ltr'>de</span> <span class='ocrx_word' id='word_1_183' title='bbox 729 2575 831 2624; x_wconf 82' lang='lat' dir='ltr'>vestibus</span> <span class='ocrx_word' id='word_1_184' title='bbox 841 2573 939 2633; x_wconf 69' lang='lat' dir='ltr'>aufers,</span> 
     </span>
     <span class='ocr_line' id='line_1_29' title="bbox 319 2647 876 2719; baseline 0.004 -22"><span class='ocrx_word' id='word_1_185' title='bbox 319 2647 387 2697; x_wconf 80' lang='lat' dir='ltr'>Hanc</span> <span class='ocrx_word' id='word_1_186' title='bbox 403 2650 472 2711; x_wconf 89' lang='lat' dir='ltr'>cole,</span> <span class='ocrx_word' id='word_1_187' title='bbox 484 2651 610 2701; x_wconf 80' lang='lat' dir='ltr'>velleribus</span> <span class='ocrx_word' id='word_1_188' title='bbox 621 2656 726 2719; x_wconf 88' lang='lat' dir='ltr'>quisquis</span> <span class='ocrx_word' id='word_1_189' title='bbox 735 2658 791 2701; x_wconf 64' lang='lat' dir='ltr'>aina</span> <span class='ocrx_word' id='word_1_190' title='bbox 802 2668 876 2717; x_wconf 79' lang='lat' dir='ltr'>pares.</span> 
     </span>
     <span class='ocr_line' id='line_1_30' title="bbox 286 2722 924 2796; baseline 0.008 -22"><span class='ocrx_word' id='word_1_191' title='bbox 286 2722 339 2774; x_wconf 84' lang='lat' dir='ltr'>Nec</span> <span class='ocrx_word' id='word_1_192' title='bbox 355 2731 480 2793; x_wconf 87' lang='lat' dir='ltr'>quisquam</span> <span class='ocrx_word' id='word_1_193' title='bbox 491 2732 566 2781; x_wconf 79' lang='lat' dir='ltr'>inviti</span> <span class='ocrx_word' id='word_1_194' title='bbox 577 2731 648 2781; x_wconf 84' lang='lat' dir='ltr'>faciat</span> <span class='ocrx_word' id='word_1_195' title='bbox 659 2733 718 2781; x_wconf 91' lang='lat' dir='ltr'>bene</span> <span class='ocrx_word' id='word_1_196' title='bbox 729 2730 825 2781; x_wconf 84' lang='lat' dir='ltr'>vincula</span> <span class='ocrx_word' id='word_1_197' title='bbox 835 2730 924 2796; x_wconf 72' lang='lat' dir='ltr'>planrae</span> 
     </span>
     <span class='ocr_line' id='line_1_31' title="bbox 319 2802 824 2873; baseline 0.012 -21"><span class='ocrx_word' id='word_1_198' title='bbox 319 2804 436 2861; x_wconf 79' lang='lat' dir='ltr'>Pallade,</span> <span class='ocrx_word' id='word_1_199' title='bbox 451 2811 482 2857; x_wconf 87' lang='lat' dir='ltr'>sit</span> <span class='ocrx_word' id='word_1_200' title='bbox 496 2802 592 2873; x_wconf 81' lang='lat' dir='ltr'>Tychio</span> <span class='ocrx_word' id='word_1_201' title='bbox 602 2809 694 2860; x_wconf 72' lang='lat' dir='ltr'>dosiios</span> <span class='ocrx_word' id='word_1_202' title='bbox 705 2808 746 2858; x_wconf 86' lang='lat' dir='ltr'>ille</span> <span class='ocrx_word' id='word_1_203' title='bbox 758 2811 824 2859; x_wconf 89' lang='lat' dir='ltr'>licet.</span> 
     </span>
    </p>
   </div>
   <div class='ocr_carea' id='block_1_3' title="bbox 237 2878 916 3188">
    <p class='ocr_par' dir='ltr' id='par_1_3' title="bbox 237 2878 916 3188">
     <span class='ocr_line' id='line_1_32' title="bbox 237 2878 797 2953; baseline 0.014 -25"><span class='ocrx_word' id='word_1_204' title='bbox 237 2878 316 2943; x_wconf 78' lang='lat' dir='ltr'>825Et</span> <span class='ocrx_word' id='word_1_205' title='bbox 326 2881 383 2932; x_wconf 88' lang='lat' dir='ltr'>licet</span> <span class='ocrx_word' id='word_1_206' title='bbox 393 2887 492 2951; x_wconf 82' lang='lat' dir='ltr'>antiquo</span> <span class='ocrx_word' id='word_1_207' title='bbox 501 2889 610 2937; x_wconf 66' lang='lat' dir='ltr'>manffius</span> <span class='ocrx_word' id='word_1_208' title='bbox 621 2886 722 2937; x_wconf 81' lang='lat' dir='ltr'>collatus</span> <span class='ocrx_word' id='word_1_209' title='bbox 732 2886 797 2953; x_wconf 87' lang='lat' dir='ltr'>Epeo</span> 
     </span>
     <span class='ocr_line' id='line_1_33' title="bbox 317 2963 826 3027; baseline 0.008 -17"><span class='ocrx_word' id='word_1_210' title='bbox 317 2963 441 3027; x_wconf 75' lang='lat' dir='ltr'>Sitprior3</span> <span class='ocrx_word' id='word_1_211' title='bbox 454 2964 514 3015; x_wconf 74' lang='lat' dir='ltr'>irati</span> <span class='ocrx_word' id='word_1_212' title='bbox 526 2965 642 3024; x_wconf 84' lang='lat' dir='ltr'>Pallade,</span> <span class='ocrx_word' id='word_1_213' title='bbox 660 2981 758 3015; x_wconf 83' lang='lat' dir='ltr'>mancus</span> <span class='ocrx_word' id='word_1_214' title='bbox 773 2968 826 3014; x_wconf 89' lang='lat' dir='ltr'>erit.</span> 
     </span>
     <span class='ocr_line' id='line_1_34' title="bbox 285 3040 916 3109; baseline 0.003 -18"><span class='ocrx_word' id='word_1_215' title='bbox 285 3040 336 3091; x_wconf 79' lang='lat' dir='ltr'>Vos</span> <span class='ocrx_word' id='word_1_216' title='bbox 352 3058 464 3106; x_wconf 88' lang='lat' dir='ltr'>quoque,</span> <span class='ocrx_word' id='word_1_217' title='bbox 474 3042 576 3092; x_wconf 80' lang='lat' dir='ltr'>Phoeberi</span> <span class='ocrx_word' id='word_1_218' title='bbox 589 3046 684 3093; x_wconf 84' lang='lat' dir='ltr'>morbos</span> <span class='ocrx_word' id='word_1_219' title='bbox 696 3045 736 3109; x_wconf 88' lang='lat' dir='ltr'>qul</span> <span class='ocrx_word' id='word_1_220' title='bbox 749 3043 836 3107; x_wconf 85' lang='lat' dir='ltr'>pellicis</span> <span class='ocrx_word' id='word_1_221' title='bbox 848 3056 916 3105; x_wconf 79' lang='lat' dir='ltr'>arte,</span> 
     </span>
     <span class='ocr_line' id='line_1_35' title="bbox 317 3117 801 3188; baseline 0.008 -21"><span class='ocrx_word' id='word_1_222' title='bbox 317 3118 419 3169; x_wconf 82' lang='lat' dir='ltr'>Munera</span> <span class='ocrx_word' id='word_1_223' title='bbox 430 3117 460 3171; x_wconf 83' lang='lat' dir='ltr'>de</span> <span class='ocrx_word' id='word_1_224' title='bbox 470 3120 548 3174; x_wconf 81' lang='lat' dir='ltr'>vellris</span> <span class='ocrx_word' id='word_1_225' title='bbox 557 3122 725 3188; x_wconf 81' lang='lat' dir='ltr'>paucaccferte</span> <span class='ocrx_word' id='word_1_226' title='bbox 735 3118 801 3172; x_wconf 72' lang='lat' dir='ltr'>Dta&#39;.</span> 
     </span>
    </p>
   </div>
   <div class='ocr_carea' id='block_1_4' title="bbox 0 0 1168 3959">
    <p class='ocr_par' dir='ltr' id='par_1_4' title="bbox 0 0 1168 3959">
     <span class='ocr_line' id='line_1_36' title="bbox 0 0 1168 3959; baseline 0 2"><span class='ocrx_word' id='word_1_227' title='bbox 0 0 1168 3959; x_wconf 95' lang='lat' dir='ltr'> </span> 
     </span>
    </p>
   </div>
  </div>
 </body>
</html>
