2325 3959
299 423 578 497 Tursurfurr
612 420 712 486 Lru.
753 420 797 489 V.
830 426 896 503 267

187 541 225 589 Sic
236 557 302 600 mea,
320 540 373 606 lege
383 538 440 598 dati
448 542 527 591 vinae
536 554 608 605 arque
619 540 725 595 inclusa.
739 540 827 591 Thalia
847 564 848 569 ¹

220 620 263 666 Per
274 618 373 667 titulum
382 622 451 668 vetiti
461 621 567 674 nominis
582 620 615 665 ire
626 621 700 682 cupit.

187 692 225 741 Ne
238 707 318 739 tamen
330 690 411 739 officio
421 694 534 740 memoris
546 688 637 739 laedaris
649 692 740 749 amici,

221 769 312 815 Parebo
332 771 419 832 Jussis,
432 784 501 832 parce
517 770 618 825 timere,
638 770 693 815 tuis.

187 846 277 893 Arnon
287 844 393 909 perirem
403 880 411 904 ,
424 848 469 893 nisi
481 848 500 893 si
510 841 645 893 meminiffe
657 859 759 909 putares.

221 922 274 971 Hoc
282 920 349 987 quod
358 940 411 986 nou
420 923 531 988 prohibet
544 938 592 970 vox
604 936 657 979 rua,
671 935 750 986 gratur
763 937 813 969 eru.

925 887 950 932 35

116 1027 119 1031 ·
188 998 322 1063 Dumque,
345 998 412 1065 quod
424 1017 439 1048 o
451 1002 521 1050 breve
532 999 580 1049 rit!
599 997 681 1049 lumen
690 998 767 1050 solare
782 997 887 1059 videbo,

221 1078 313 1127 Serviet
326 1076 515 1144 officiespiritus
525 1078 567 1127 iste
579 1090 632 1127 ruo.

213 1233 895 1306 «ἕψω»
952 1214 955 1221 .

372 1390 633 1471 ELEGIA
673 1390 712 1451 X.

193 1484 286 1607 Ur
305 1553 385 1601 sumus
400 1552 425 1600 iu
439 1525 589 1611 Pontoster
605 1550 694 1615 frigore
705 1554 812 1603 constitit
823 1554 892 1615 Ister,

222 1631 241 1678 F
242 1632 292 1679 aeia
303 1630 336 1678 est
342 1630 430 1678 Euxini
438 1627 498 1679 dura
508 1644 544 1678 ter
554 1627 619 1678 unda
630 1632 711 1679 uraris.

190 1707 223 1757 At
232 1710 293 1755 mihi
302 1711 353 1771 jam
368 1706 453 1766 uideor
464 1706 542 1773 patrii
551 1707 636 1773 procul
656 1704 703 1756 effe
715 1723 751 1758 tot
762 1712 828 1757 annis
835 1741 844 1769 ,

223 1784 336 1835 Dardrna
346 1801 407 1851 quot
416 1787 492 1850 Grajo
503 1786 579 1851 Troja
590 1786 632 1834 sub
643 1785 709 1835 hoste
719 1786 776 1835 fuit.

85 1924 89 1928 .
191 1866 257 1914 Stare
273 1878 358 1927 puter.
379 1862 441 1912 adei>
458 1862 592 1927 procedunt
608 1877 717 1927 tempora
731 1861 809 1913 tardi:
928 1884 938 1929 5

225 1941 256 1989 Er
267 1942 358 2004 peragit
369 1940 439 1988 lentis
447 1941 551 2003 parribus
563 1955 638 1988 annus
647 1942 701 1989 iter.

193 2017 246 2068 Nec
257 2020 318 2065 mihi
328 2016 455 2067 solstitium
466 2015 583 2081 quiddam
594 2014 625 2081 de
635 2013 743 2065 nuciib'us
754 2016 843 2066 aufert:

226 2093 306 2144 Efficit
315 2095 425 2160 augustos
442 2110 486 2143 nec
501 2096 561 2142 mihi
572 2094 657 2142 bruma
666 2091 727 2142 dies.

192 2173 288 2223 Scilicet
297 2174 323 2222 in
332 2173 402 2221 no'bis
409 2187 489 2221 rerum
498 2185 584 2221 natura
595 2184 683 2221 novata
694 2170 745 2231 est,

226 2250 339 2318 Cumque
349 2253 409 2299 meir
419 2252 481 2299 curis
490 2251 574 2298 omnia
585 2248 658 2314 longa
669 2247 737 2299 facit.
928 2261 957 2295 ro

169 2338 175 2352 ’
193 2328 261 2378 Num
275 2343 392 2393 peragunt
400 2328 485 2377 soiitos
495 2328 636 2376 communia
649 2340 759 2391 tempora
768 2342 865 2386 motus,

225 2409 330 2473 Suntque
342 2410 418 2472 magis
432 2410 488 2456 virae
499 2421 608 2471 tempora
618 2402 677 2454 dura
687 2420 746 2453 meae
757 2410 766 2455 i

194 2485 273 2546 Quem
286 2500 351 2534 tenet
365 2486 451 2534 Euxini
458 2482 561 2534 mendax
573 2486 721 2547 cognomine
732 2481 789 2531 litus
802 2516 810 2543 ,

228 2562 259 2611 Et
268 2564 374 2623 Scythici
386 2562 441 2612 veri
452 2576 513 2612 terra
523 2562 614 2611 sinistra
627 2561 691 2611 freti.

191 2624 326 2687 innumera
339 2641 403 2688 circa
412 2654 494 2703 gentes
502 2638 553 2687 fera
564 2638 628 2686 bella
638 2642 778 2698 minantur,
927 2653 953 2700 rr

228 2715 288 2776 Qure
300 2717 345 2763 ribi
356 2732 407 2765 non
423 2731 492 2780 rapto
501 2719 581 2764 vivere
592 2729 659 2780 turpe
670 2730 766 2781 putant.

195 2790 239 2842 Nil
250 2806 316 2842 extra
329 2807 410 2842 tutum
421 2793 471 2842 est:
486 2792 593 2841 tumulus
604 2791 742 2843 defenditur
752 2795 812 2861 agre

228 2870 351 2921 Moeuibur
366 2873 469 2935 exiguis,
480 2872 625 2936 ingenioque
635 2871 694 2920 leci.

196 2946 262 2999 Crirn
278 2947 377 2997 minimi
386 2946 482 3006 credar,
500 2962 528 2997 ut
538 2964 592 2999 aves
602 2984 611 3009 ‚
627 2947 778 2999 densissimus
789 2952 861 3002 hostis

228 3023 354 3080 Advolat,
372 3029 397 3074 &
415 3023 519 3090 predam
528 3028 568 3073 vix
580 3028 708 3076 benevisur
719 3032 777 3093 agir.
915 3018 916 3021 Ἴ
927 3038 957 3077 20

197 3104 284 3168 Saepe,
300 3104 363 3153 iutra
373 3119 474 3163 muros,
491 3102 576 3153 clausis
586 3108 705 3157 venientia
715 3107 789 3170 porris

738 3186 805 3251 Μὴ
