2325 3959
322 443 366 504 16
447 432 883 508 P.Ov1nrrNAconrn

350 554 382 607 Et
392 560 554 625 qu'o'sc'ur'nque
564 560 633 610 sacris
644 559 739 611 addidit
747 561 789 611 ille
800 560 859 611 dier.

273 639 298 688 ¹5
318 633 402 685 Anane
417 640 513 687 conanti
529 654 571 702 per
580 636 660 689 laudes
669 642 705 701 ire
717 656 830 703 tuorum,

348 712 609 781 Dequemeopavidot
618 732 701 768 excute
710 716 782 768 corde
793 732 881 767 tuetur.

316 785 459 843 Damihite
469 793 592 859 placidum
603 813 612 855 3
627 794 721 846 dederis
732 798 757 845 in
767 798 873 845 carmina
882 794 960 845 virere

315 899 322 911 ι
350 870 474 935 Ingenium
487 873 560 925 'vultu
576 874 667 939 statque
687 872 798 939 caditque
812 888 864 923 tuo.

316 948 405 1013 Pagina
416 948 532 1013 judicium
543 949 608 1000 doni
619 952 724 1001 subiarra
733 966 845 1002 movetur

270 1031 300 1065 ²0
317 1018 320 1029 ¹
349 1025 480 1091 Priuclpis,
493 1043 519 1077 ut
529 1027 614 1079 Clario
627 1026 697 1080 miffa
707 1028 807 1094 legenda
816 1028 879 1077 Deo.
929 1036 940 1055 ’-

317 1100 376 1163 Qua
385 1105 416 1152 rit
429 1108 493 1167 enim
504 1104 563 1155 culti
575 1106 704 1167 facundia,
716 1110 846 1165 sentimur,
859 1105 922 1165 orit,

316 1184 319 1189 '
348 1180 434 1233 Civica
445 1198 489 1247 pro
498 1182 595 1249 trepidis
606 1182 662 1233 cum
673 1185 729 1249 tulit
739 1201 804 1234 arma
811 1186 875 1248 reis-v

316 1258 408 1323 Scimus
424 1263 464 1321 dt,
476 1257 507 1310 ad
517 1262 606 1310 nostras
617 1261 673 1311 crim
683 1264 708 1319 se
718 1263 774 1311 tulit
783 1264 887 1327 impetus
897 1271 974 1318 artes,

349 1336 441 1401 Ingenii
456 1353 551 1387 currant
566 1336 667 1388 flumina
676 1353 764 1405 quanta
777 1342 820 1387 tui.

269 1412 297 1460 ²5
316 1414 340 1463 Si
358 1415 415 1464 licet
427 1450 435 1475 ‚
453 1419 477 1465 dt
488 1416 524 1466 far
534 1416 585 1471 est,
599 1431 664 1467 vates
674 1434 728 1482 rege
738 1420 799 1467 vatic
810 1416 929 1465 habenas:

348 1490 448 1557 Auspice
460 1508 498 1555 te,
510 1492 567 1543 felix
578 1509 643 1543 totus
654 1508 680 1545 nt
689 1480 819 1545 annuerat.

316 1569 474 1621 ,TEMPORA
483 1562 601 1635 digereret
613 1571 669 1621 crim
680 1571 791 1622 conditor
801 1571 873 1621 Urbis
883 1605 891 1632 ,
901 1571 927 1619 iu
937 1566 1003 1617 iuno

348 1646 481 1697 Constituit
495 1649 587 1697 menses
599 1654 704 1715 quinque
719 1651 753 1699 bis
761 1647 807 1698 effe
818 1651 870 1697 suo.

317 1723 413 1773 Scilicet
423 1740 487 1775 arma
498 1718 573 1789 magia
586 1760 595 1785 ,
610 1742 682 1793 quarn
692 1726 785 1787 sidera,
796 1724 901 1776 Romule
911 1760 920 1784 ‚
930 1738 1013 1773 notar.

271 1801 300 1847 5⁰
327 1810 333 1825 ⁴
349 1802 461 1869 Curaque
471 1801 588 1853 finitimos
597 1807 690 1853 vincere
700 1808 777 1869 major
785 1819 843 1853 erat.
865 1831 868 1837 ·

317 1878 357 1929 Est
371 1884 485 1932 tamen&
497 1884 574 1941 ratio,
587 1881 682 1937 Casar,
693 1899 746 1948 quc
760 1882 862 1930 moverit
870 1878 956 1936 illum3

348 1958 505 2025 Errorenrque
514 1960 584 2007 suurn
591 1976 640 2025 quo
651 1974 759 2018 tueatur,
775 1958 857 2007 habet.

311 2034 389 2105 ¹Quod
400 2035 454 2085 satis
465 2036 497 2085 est
507 2071 515 2095 ‚
527 2050 595 2086 utero
606 2038 686 2085 matris
694 2033 751 2086 dnm
763 2034 862 2101 prodeat
873 2031 967 2094 infans,
1004 2077 1007 2081 .

348 2113 401 2163 Hoc
416 2131 478 2165 anno
493 2116 572 2165 statuit
585 2118 699 2181 temporis
709 2112 755 2163 effe
768 2117 831 2162 satir.

272 2198 296 2243 35
318 2190 360 2239 Per
371 2190 473 2243 totidem
482 2194 598 2241 menstra
608 2192 690 2241 funere
698 2194 807 2257 conjugia
817 2206 877 2239 utor

348 2269 449 2321 Sustinet
457 2273 483 2317 iu
492 2268 565 2325 vidua
574 2267 648 2319 tristia
657 2272 724 2334 rigna
734 2267 819 2318 domo.

316 2345 370 2395 Hoc
385 2349 457 2411 igitur
467 2345 528 2395 vidit
537 2346 635 2410 trabeati
645 2364 700 2397 cura
710 2347 805 2407 Quirini
816 2380 826 2407 ‚

349 2422 413 2473 cnm
423 2422 520 2479 rudibus
531 2424 626 2489 populis
634 2441 712 2484 annua
722 2428 773 2488 jura
780 2422 858 2475 daret.

280 2536 283 2543 .
317 2501 402 2549 Martis
417 2517 467 2551 erat
480 2505 569 2566 primus
584 2505 686 2557 ruentis,
699 2503 847 2565 'Venerisque
858 2498 999 2561 secundm

269 2588 301 2635 40
351 2579 406 2627 Haec
417 2582 508 2643 generis
518 2581 644 2644 princepe,
654 2583 726 2645 ipsius
736 2578 778 2627 ille
787 2593 863 2643 pater.
965 2639 970 2646 ⁶

319 2656 414 2705 Tettius
427 2674 440 2705 a
450 2658 560 2712 senibus,
576 2662 689 2722 juvenum
701 2656 730 2705 de
741 2658 838 2705 nurnine
849 2670 964 2721 quartura
1022 2697 1026 2704 .

350 2734 410 2793 Qua:
427 2735 547 2799 sequitur,
561 2751 661 2785 numero
672 2735 740 2783 turba
750 2749 834 2789 notata
845 2734 900 2781 fuit.

319 2810 350 2860 At
361 2811 443 2860 Numa
453 2812 613 2867 uec-lanum,
626 2829 670 2862 nec
686 2815 759 2860 avitae
770 2814 874 2877 praterit
884 2810 983 2860 umbras
996 2830 1009 2873 ·,

246 2938 248 2943 ,
265 2902 271 2921 ·>
352 2888 474 2944 Mentibus
482 2891 590 2954 ¹antiquit
598 2890 753 2954 apposuitque
766 2888 847 2946 duno,

178 3007 180 3011 Α
273 2981 302 3029 4ς
321 2966 371 3017 NE
384 2981 463 3039 tempu
472 2968 568 3031 ignores*
576 2970 696 3017 variorum
705 2971 758 3033 jura
766 2970 871 3028 cierunt,

349 3044 407 3099 Non
423 3046 495 3093 habet
504 3044 577 3094 officii
589 3046 685 3095 Lucifer
695 3050 774 3095 omnic
784 3044 859 3095 idem.

317 3122 360 3171 Ille
374 3122 476 3181 neiailua
485 3126 549 3186 erit,
566 3140 609 3190 per
618 3140 691 3196 quern
705 3126 830 3178 triaveaba
845 3123 967 3185 alisontia
1019 3153 1024 3164 »
