2325 3959
246 376 312 440 130
384 350 429 423 P.
457 354 613 421 Ovrnrr
632 354 827 421 NAsoutr

192 480 240 525 440
274 472 398 540 Colligere
410 509 417 534 ,
438 479 463 524 it
473 474 543 525 nullo
555 489 620 540 terga
630 472 728 525 vidente
738 476 814 540 sequi.

242 554 329 602 Rursus
339 551 402 619 aquai
410 555 501 619 tangit,
511 554 679 621 Temesaeaque
689 566 817 618 concrepat
825 566 895 611 aaa

254 676 259 683 .
275 629 306 679 Et
316 646 385 695 rogat
402 647 429 679 ur
443 634 509 680 teiiia
522 647 589 680 exeat
600 634 684 680 umbra
694 633 750 703 luis.

242 707 309 758 Cum
320 706 381 758 dixit
390 712 488 770 novies,
502 710 586 758 Manes
598 712 659 759 exite
669 710 777 775 paterni,

275 786 395 852 Respicit,
407 790 432 836 it
443 782 500 853 puri
510 789 574 836 sacra
585 790 677 853 peraila
688 802 764 853 putat¹
803 831 806 836 .

120 891 123 898 ·
193 864 313 921 445Diua
326 862 432 915 sicunde
445 864 511 919 dies,
522 880 575 931 qua
588 868 693 914 nominis
704 866 775 915 exstet
786 866 856 929 origo
867 896 879 925 ,

275 941 791 1009 MefirgirrexaliquoestinveniendaDeo.

242 1018 417 1086 Plejadenate,
430 1037 502 1069 mone
511 1056 519 1081 ,
529 1022 597 1087 virgi
610 1020 741 1072 venerande
752 1023 846 1087 potenti
856 1037 866 1079 ·,

275 1101 340 1164 Saepe
351 1100 395 1149 tibi
406 1102 482 1164 Stygii
493 1103 557 1165 regia
566 1102 617 1152 visa
627 1100 700 1149 lovis.

242 1176 317 1227 Venit
330 1174 444 1227 odoratur
455 1175 603 1228 Caducifer:
616 1180 703 1243 Accipe
712 1180 806 1227 causam

192 1264 242 1311 450
275 1254 397 1308 Nomine.
409 1255 443 1305 Ex
451 1257 504 1321 ipso
514 1259 612 1321 cognita
621 1258 690 1305 causa
702 1256 757 1306 Deo
769 1256 809 1304 est.

243 1333 362 1388 Romulus
372 1348 400 1383 ut
409 1333 504 1384 tumulo
515 1333 629 1383 fraternas
639 1331 750 1383 condidit
760 1334 874 1393 umbrat,

275 1414 308 1462 Et
320 1411 384 1462 mali
393 1413 472 1464 veloci
483 1411 543 1478 julla
553 1411 632 1462 soluta
640 1412 735 1470 Rem03

242 1493 365 1542 Faustulus
380 1493 465 1543 infelix
476 1528 484 1552 ,
500 1496 525 1542 it
536 1496 608 1558 passis
616 1494 679 1542 Acca
690 1490 802 1558 capillis,

277 1572 423 1637 spargebant
438 1571 548 1634 lacrymis
560 1565 611 1620 offa
620 1572 711 1636 perusta
725 1574 779 1621 suit.

193 1649 222 1697 45
231 1646 303 1697 ilnde
314 1646 415 1699 domum
426 1647 527 1698 redeunt
537 1650 580 1697 sub
594 1652 670 1715 prima
682 1649 818 1715 crepuscula
830 1648 907 1698 malli
920 1665 931 1708 ς

275 1723 357 1793 thue
374 1740 439 1785 erat,
459 1729 484 1775 in
502 1725 563 1776 duro
582 1730 729 1793 procubuere
745 1744 809 1778 toro.

243 1802 336 1854 Umbra
346 1820 443 1855 cruenta
454 1806 523 1855 lierni
533 1809 584 1856 visa
598 1807 630 1856 est
641 1808 743 1857 assistere
754 1807 831 1863 leilo,
881 1844 884 1851 ι

201 1939 204 1943 ’
275 1884 355 1949 Atque
364 1886 415 1932 haec
425 1886 511 1949 exiguo
527 1901 648 1935 murmure
658 1888 730 1937 verba
740 1884 817 1953 loqui.

242 1960 280 2011 En
296 1978 341 2027 ego
359 1958 488 2011 dimidium
498 1962 584 2024 vestri,
599 1980 698 2030 parsque
713 1964 802 2024 altera,
823 1962 893 2012 voti:

192 2046 243 2097 440
275 2038 392 2100 Gemite,
404 2043 449 2089 rim
459 2041 552 2107 qualis,
567 2043 610 2106 qui
621 2040 697 2091 modi
708 2040 784 2108 qualis
798 2041 875 2090 eram!

244 2117 291 2178 Qui
304 2151 312 2177 ,
327 2117 403 2169 modi
417 2121 436 2167 si
448 2118 556 2169 volucres
569 2116 703 2169 habuill'em
713 2120 928 2185 regnajubentes,

275 2195 405 2261 ln'populo
414 2200 484 2261 potui
495 2198 613 2246 maximus
625 2194 672 2246 elle
681 2215 751 2247 meo:
851 2196 854 2203 ’

241 2273 314 2324 Nunc
322 2273 399 2339 elapsa
409 2277 463 2339 rogi
473 2270 577 2324 flammis
590 2278 615 2324 δι
625 2278 701 2325 inanis
712 2278 802 2341 imago.

275 2352 332 2401 Haec
343 2354 375 2401 est
385 2352 467 2402 exilio
478 2353 556 2403 forma
566 2354 647 2403 reliila
659 2354 745 2403 Remo.

193 2430 295 2490 4⁶5Heu
307 2430 314 2479 l
330 2431 372 2480 ubi
382 2432 448 2481 Mars
460 2447 527 2497 pater
539 2432 591 2484 esti
603 2434 622 2481 si
632 2448 676 2481 vos
685 2428 761 2481 modi
771 2448 827 2483 vera
840 2430 935 2491 locuti3

276 2506 404 2573 Uberaque
418 2508 531 2571 expositis
544 2506 587 2555 ille
598 2506 673 2557 ferina
684 2505 760 2557 dedit.

244 2583 324 2645 Quem
331 2584 387 2649 lupa
396 2585 509 2638 servavit,
525 2600 609 2633 manue
623 2587 686 2634 hunc
697 2587 821 2635 temeraria
830 2585 889 2635 civis

276 2660 392 2712 Perdidit.
405 2662 439 2711 Ol
451 2662 543 2728 quanti
550 2665 635 2713 mitior
645 2662 687 2718 illa
695 2662 742 2713 fuit
754 2662 761 2713 l

224 2760 229 2769 ’
244 2742 309 2790 Saeve
320 2740 407 2800 Celer,
419 2739 542 2790 crudelem
552 2744 657 2791 animam
668 2736 709 2807 per
716 2740 814 2793 vulnera
822 2736 923 2800 reddas,

193 2825 244 2871 47⁰
275 2818 357 2885 thue
367 2834 429 2883 ego,
440 2820 482 2868 sub
493 2834 566 2869 terrae
575 2820 770 2885 sanguinolentus
782 2836 830 2869 ear.

148 2907 151 2914 “
245 2898 332 2948 Noluit
342 2900 389 2946 hoc
400 2898 488 2947 frater:
501 2901 574 2964 pietas
581 2899 678 2964 aqualis
686 2900 711 2947 ln
722 2897 767 2947 illo
778 2897 820 2948 est.

278 2976 352 3037 Quod
362 2982 458 3044 potuit,
471 2978 587 3042 lacrymas
601 2983 626 3028 in
640 2996 693 3028 mea
707 2978 756 3029 fata
770 2976 846 3027 dedit.

242 3056 313 3107 Hunc
323 3072 366 3107 vot
376 3074 417 3124 per
430 3057 562 3122 lacr'ymar,
573 3072 615 3123 per
625 3058 699 3112 restra
709 3056 823 3109 alimenta
831 3067 926 3120 rogate,
