2325 3959
263 440 406 507 Eursr.
433 455 489 505 ux
509 435 662 503 ΡοΝΤο
686 435 722 505 L.
743 435 774 502 Ι.
819 453 886 518 277

206 555 340 609 Clamabat
351 556 450 612 medii,
465 559 489 605 se
506 551 633 609 meruiffe,
649 554 697 604 vii.

170 633 247 684 Teii:
258 637 374 687 Coeiestes
384 635 436 685 fieri
446 637 565 701 preconia
577 631 682 698 gaudent
691 649 700 689 ·,
907 637 934 681 tt

206 714 245 761 Ut
255 749 263 772 ‚
274 717 313 763 sua
322 713 382 780 quid
391 712 485 763 valeant
492 714 605 766 numina,
617 710 672 758 teste
680 710 791 774 probent.
815 758 817 767 ¹

170 791 242 854 Soepe
254 792 334 842 levant
343 807 424 857 prenae
436 824 444 849 ,
458 805 584 855 ereptaque
592 787 683 837 lumina
692 783 813 844 reddunt,

208 868 277 917 Cum
287 870 346 920 bene
356 871 447 933 peccati
458 862 594 931 poenieuiffe
605 862 696 914 vident.

171 944 283 996 Poenitet
295 948 324 997 oi
336 944 424 1012 siquid
433 946 573 996 miserorum
589 941 693 995 creditur
704 938 748 989 ulli
761 972 769 997 ‚

208 1024 332 1080 Poenitet,
347 1028 372 1073 ἀ
386 1023 448 1072 [ιᾶο
461 1039 573 1087 torqueor
584 1022 632 1085 ipse
641 1036 706 1068 meo.

172 1098 292 1167 Cumque
304 1105 334 1152 sit
344 1102 551 1165 exsilium.magis
560 1100 592 1148 est
603 1101 663 1147 mihi
674 1096 744 1161 culpa
755 1092 835 1145 dolori
846 1109 852 1141 r

208 1178 296 1245 Estque
305 1183 354 1244 pati
366 1195 460 1244 penas,
475 1179 550 1244 quim
561 1172 671 1225 meruiss'e
683 1210 691 1234 ‚
704 1177 791 1223 minus.

172 1255 211 1304 Ut
225 1259 286 1305 mihi
297 1256 331 1304 Di
345 1256 441 1307 faveant
453 1290 462 1315 ,
475 1257 560 1320 quibus
571 1254 603 1303 est
614 1252 760 1303 manifestior
770 1252 818 1316 ipse
830 1266 838 1306 ς

207 1333 283 1382 Perna
293 1334 369 1397 potest
378 1332 456 1391 demi,
469 1332 539 1396 culpa
551 1334 660 1399 perennis
671 1334 724 1378 erit.
740 1386 744 1393 ,

173 1409 246 1457 Mors
261 1409 333 1459 faciet
344 1408 422 1468 certi,
433 1424 462 1458 ne
477 1412 538 1467 sim,
550 1408 606 1456 crim
621 1410 729 1465 venerit,
747 1403 829 1453 exsui:
905 1388 932 1440 ⁶5

206 1486 245 1535 Ne
258 1503 309 1536 non
322 1489 461 1552 peccarim,
477 1502 542 1535 mors
557 1501 654 1551 quoque
669 1500 720 1534 non
730 1482 811 1531 ficiet.

173 1563 220 1613 Nil
235 1566 308 1627 igitur
318 1566 422 1623 mirum,
434 1566 454 1613 si
463 1580 530 1612 mens
540 1565 601 1611 mihi
612 1598 620 1621 ,
633 1559 714 1611 tabida
722 1560 800 1619 faita,

208 1640 247 1689 De
258 1644 312 1694 nive
322 1645 440 1691 manantis
450 1657 517 1690 more
528 1640 638 1705 liquescit
648 1655 723 1704 aque.

174 1717 244 1768 Estur
260 1733 286 1768 ut
304 1719 401 1769 occulti
410 1721 494 1775 vitiata
504 1716 610 1767 teredine
620 1720 687 1765 navis
697 1734 704 1764 e

211 1797 323 1861 equorei
333 1796 443 1862 scopulos
457 1813 483 1846 ut
500 1811 567 1846 cavat
578 1793 642 1845 unda
656 1793 723 1843 salis:
904 1790 935 1835 7ο

175 1873 279 1923 Reditur
290 1889 316 1923 ut
327 1876 407 1924 scabri
417 1877 522 1938 positum
530 1875 638 1937 rubigine
648 1872 736 1919 ferrum
748 1888 755 1919 r

208 1950 329 2001 Conditus
346 1966 372 2000 ut
385 1955 453 2000 tinea·
464 1954 567 2015 carpitur
577 1967 618 1999 ore
630 1950 700 1997 liber:

176 2028 214 2075 Sic
227 2043 279 2075 mea
288 2043 413 2093 perpetuos
423 2043 532 2076 curarum
541 2029 639 2091 peiiora
650 2026 757 2078 morsus,

210 2106 266 2153 Fine
276 2108 361 2169 quibui
371 2104 441 2153 nulio
451 2103 624 2159 conficiantur,
635 2103 731 2151 habent.

177 2182 230 2231 Nec
241 2182 303 2247 pritir
313 2185 339 2231 hi
350 2196 456 2231 mentem
464 2180 553 2229 stimuli
560 2178 650 2245 ,quim
660 2181 726 2237 vita,
740 2176 886 2243 relinquent:
906 2176 934 2224 75

210 2260 304 2325 Quique
315 2257 383 2308 dolet
392 2259 479 2318 citius,
492 2256 567 2323 quim
581 2255 652 2305 dolor
663 2257 730 2319 ipse,
746 2251 823 2303 tadei.

179 2338 231 2387 Hoc
246 2340 306 2387 mihi
315 2341 336 2387 si
346 2340 446 2402 Superi,
456 2352 559 2402 quorum
574 2337 655 2383 sumus
665 2335 764 2391 omnia,
774 2329 887 2391 credent,

210 2417 318 2465 Forsitan
330 2415 415 2481 exigui
425 2413 510 2480 dignus
519 2412 625 2462 habebor
636 2428 685 2475 ope
694 2428 702 2469 3

179 2495 251 2558 inque
263 2493 344 2543 locum
352 2495 464 2555 Scythico
477 2506 580 2541 vacuum
592 2490 704 2539 mutabor
714 2488 744 2540 ab
752 2502 815 2538 arcu.

212 2571 265 2619 Pius
275 2571 337 2631 isto,
348 2569 416 2631 duri,
428 2574 447 2621 ri
457 2585 538 2636 preter
547 2602 557 2622 .
568 2570 616 2617 oris
627 2582 677 2617 ero.
905 2547 938 2595 ⁸0

825 1003 936 1044 ἰο

343 2897 349 2907 ·
439 2836 607 2917 W
