2325 3959
119 374 127 389 ’
225 396 364 463 Errsr.
390 410 446 461 ux
468 392 620 461 Pouno
639 393 678 462 L.
696 395 746 464 11.
773 368 834 483 3ir

127 512 269 581 optastique
279 517 375 565 brevem
386 514 445 565 salvi
456 516 516 564 mihi
527 512 712 574 Caesarianam

164 590 237 651 Quod
248 608 328 642 tamen
340 595 433 657 optari,
452 594 470 640 si
487 593 561 646 sciat,
577 594 626 657 ipse
641 594 711 641 sinat.

91 692 96 725 1
130 667 241 718 Moribus
253 670 299 719 ista
315 672 361 719 tuis
379 685 429 719 tam
443 672 512 718 mitia
529 683 586 718 vota
605 667 688 719 dedisti
706 676 727 719 ι’

165 747 217 795 Nee
232 754 311 796 minus
325 744 416 795 idcireo
431 748 486 795 sunt
502 762 529 794 ea
544 760 611 810 grata
622 748 692 795 mihi.

92 851 97 896 g
134 823 238 890 Quoque
258 827 334 889 magis
353 840 463 879 moveare
479 823 569 884 maiis,
586 822 737 886 dodissime,
749 826 844 887 nostris,
866 848 891 895 ¹5

166 901 291 952 Credibile
307 902 339 952 eli
357 900 407 950 fieri
423 900 563 951 conditione
580 901 638 950 loci.

92 1029 93 1048 ἶ
133 979 181 1028 Vix
196 982 240 1029 irae
254 983 358 1030 invenias
372 992 470 1039 totum,
485 976 641 1039 mihicrede,
658 994 699 1044 per
714 978 815 1040 orbem,

166 1059 225 1118 Quae
242 1062 320 1107 minus
338 1056 441 1122 Augusti
456 1056 516 1105 Pace
534 1056 644 1114 fruatur,
662 1059 772 1107 humum.

132 1136 176 1185 Tu
186 1152 267 1186 tamen
280 1136 320 1185 hic
336 1136 433 1184 Ιὶωᾶος
450 1138 511 1183 inter
527 1134 577 1183 fera
595 1134 680 1200 proelia
697 1136 775 1185 versus

172 1214 203 1263 Et
213 1215 288 1279 legia,
300 1218 325 1263 ὃ(
339 1213 412 1261 leston
423 1229 464 1260 ore
476 1212 570 1261 favente
580 1213 677 1277 probae.
869 1234 899 1267 20

91 1324 95 1352 ι
137 1293 284 1357 ingenioque
294 1308 366 1350 meo,
379 1287 441 1340 veni
453 1288 520 1355 quod
533 1306 636 1355 paupere
648 1304 743 1349 manat,

171 1367 284 1428 Planus,
296 1373 319 1417 ὃ(
327 1386 339 1417 e
348 1372 400 1415 rivo
410 1365 510 1415 flumina
519 1382 606 1431 magna
617 1366 683 1418 facis.

139 1449 214 1499 Grata
225 1444 324 1513 quidem
334 1447 389 1494 sunt
399 1446 450 1493 haec
460 1446 543 1492 anim‘o
552 1442 664 1509 suffragia
672 1442 765 1502 nostro3

173 1525 222 1574 Vix
231 1526 276 1573 eibi
286 1524 341 1573 crim
349 1524 448 1571 miseros
458 1518 524 1587 poise
534 1521 627 1589 placere
638 1536 667 1586 pu
672 1538 713 1571 tes.

141 1601 208 1652 Dum
220 1618 300 1652 tamen
310 1604 336 1650 in
346 1602 415 1649 rebus
426 1603 544 1649 tentamus
554 1602 659 1650 earmina
670 1603 757 1665 parvis,
874 1630 901 1671 25

173 1681 283 1731 Materiae
293 1678 377 1747 gracili
387 1675 473 1727 sufficit
483 1680 617 1741 ingenium.

142 1759 239 1824 Nuper,
250 1773 278 1807 ut
287 1759 334 1806 huc
344 1758 425 1821 magni
435 1754 542 1820 pervinit
551 1756 623 1806 Fama
636 1758 765 1821 triumphi,

175 1839 249 1886 Ausus
260 1840 312 1885 sum
322 1851 393 1886 tantae
407 1838 499 1884 sumere
512 1834 587 1884 molis
601 1851 672 1900 opus„

144 1915 232 1965 Obruit
244 1915 371 1965 audentem
382 1931 461 1963 rerum
473 1918 622 1979 gravitasque
634 1918 744 1981 nitorque
755 1933 761 1964 a

91 2013 93 2039 1
177 1995 229 2042 Nec
240 1996 309 2057 potui
321 1996 395 2057 ccepti
406 1990 512 2056 pondera
523 1991 584 2039 ferre
595 1993 652 2041 mei.
881 2012 910 2056 3⁰

145 2068 200 2121 iilic
219 2087 292 2136 quam
310 2068 409 2127 laudes,
427 2072 471 2118 erit
485 2066 593 2117 officiosa
607 2069 735 2129 voluntas3

181 2148 268 2199 Cetera
279 2147 378 2197 materii
388 2144 513 2195 debilitata
522 2149 611 2211 jacent.

149 2223 223 2286 Quod
238 2226 256 2273 si
271 2223 333 2273 fortd
349 2224 409 2273 liber
419 2222 504 2273 vestras
518 2222 625 2287 pervinit
640 2222 670 2273 ad
685 2241 769 2286 aures,
786 2279 789 2284 ,

182 2303 295 2352 Tutelam
305 2299 394 2351 mando
405 2303 491 2350 sentiat
502 2300 544 2350 ilie
556 2317 633 2351 tuam.

150 2382 203 2432 Hoc
214 2383 258 2430 tibi
270 2380 360 2430 faiiuro
370 2413 378 2439 ‚
390 2378 428 2428 vei
440 2381 459 2428 ai
471 2395 520 2427 non
531 2380 580 2443 ipse
592 2396 715 2443 rogarem,
886 2398 910 2444 35

184 2456 288 2508 Accedat
298 2455 407 2509 tumulus
418 2457 493 2519 gratia
503 2454 581 2503 nostra
593 2455 659 2505 levis.

151 2537 210 2587 Non
223 2552 268 2599 ego
283 2531 429 2585 laudandus,
440 2530 481 2580 sed
490 2534 543 2579 {une
555 2548 595 2580 tua
606 2537 699 2597 pestora
710 2535 783 2589 iuste,

186 2614 217 2661 Et
227 2628 277 2660 non
287 2610 378 2659 calcati
387 2644 395 2667 ,
407 2605 562 2667 candidiora,
574 2613 638 2659 nive.

154 2692 298 2754 Mirarisque
308 2688 385 2746 alios,
397 2685 452 2734 eum
463 2688 494 2732 sis
505 2686 620 2734 mirabilis
631 2689 697 2751 ipse,

189 2768 240 2817 Nee
251 2767 340 2816 lateant
350 2779 411 2812 artes
421 2763 593 2827 eloquiumque
605 2778 682 2812 tuum.
885 2781 916 2823 ῳ

155 2847 191 2897 Te
201 2848 315 2906 iuvenum
325 2842 450 2903 Princeps,
466 2842 503 2887 cui
514 2836 556 2888 dat
565 2841 692 2890 Germania
703 2859 791 2893 nomen
801 2882 808 2905 ,

191 2923 333 2985 Participem
345 2916 414 2967 studii
424 2916 503 2967 cesar
514 2919 599 2965 habere
611 2919 680 2968 solet.
733 2983 736 2988 Ι

159 3001 198 3051 Tu
210 3014 291 3048 eomes
303 3000 429 3062 antiquus,
443 3011 468 3044 tu
479 2998 562 3061 primis
571 2999 662 3060 juniius
674 3000 795 3059 aborruit,

192 3078 292 3146 iugenio
303 3091 381 3127 mores
391 3076 550 3144 aequipuante
560 3108 568 3134 ,
577 3074 665 3141 places.
