2325 3959
291 402 593 469 Furi-orvis
618 397 720 466 Lrs.
753 395 797 465 V.
844 416 909 482 ¹27

226 522 265 573 Sal
272 537 323 583 tat,
340 527 365 587 bt
381 519 520 587 imprudens
534 521 609 570 utitur
626 532 676 569 arte
686 520 756 567 mesi.

190 590 280 651 Ebrius
293 599 324 652 ad
335 600 423 651 durum
433 600 545 649 sormosae
556 598 631 647 limen
643 599 725 649 amica·

224 678 317 729 cantat
328 698 335 728 t
346 680 520 728 habentunsiae
527 677 777 727 mollisserracome.
912 696 959 741 340

191 755 272 814 Nulla,
280 758 397 808 coronati
406 770 550 823 peraguntur
560 757 620 805 seria
632 756 711 804 fronte
720 774 726 803 s

224 835 277 885 Nec
287 834 384 903 liquida
393 838 478 886 visais
488 833 548 884 flore
558 835 674 884 bibuntur
687 848 764 899 aquae.

189 913 278 965 Donec
288 932 338 965 eras
348 918 437 964 mixtus
446 914 520 964 nullis
530 948 541 975 ,
557 913 679 973 Acheloi,
692 914 809 971 racemis,

223 993 306 1043 Gratia
316 992 437 1043 sumenda
447 1010 498 1043 non
507 1008 558 1043 erat
568 992 619 1042 ulla
629 992 697 1042 rosa.

186 1070 294 1121 Bacchus
309 1086 375 1122 ausas
388 1070 459 1122 flores
472 1074 584 1124 :Baccho
595 1067 709 1138 placuisse
718 1084 835 1121 coronam
909 1079 952 1127 345

220 1150 257 1199 Ex
266 1148 392 1201 Ariadnaeo
407 1149 483 1201 sidere
493 1147 561 1201 nosse
573 1165 650 1216 potes.

187 1224 263 1272 Stena
273 1222 331 1272 levis
339 1221 478 1273 decethanc
486 1242 493 1273 s
502 1240 553 1273 non
567 1223 616 1284 est,
625 1224 686 1273 mihi
693 1220 801 1283 credite,
814 1220 906 1301 nonest

220 1300 266 1348 llla
278 1303 432 1352 cothurnatas
444 1304 508 1352 inter
518 1300 628 1352 habenda
641 1301 715 1351 Deae.

186 1376 269 1427 Turba
277 1378 376 1445 quidem
386 1397 428 1430 cur
440 1383 484 1430 hos
493 1378 616 1429 celebrent
626 1378 761 1429 meretricia
772 1374 857 1437 ludos,

157 1485 159 1488 ·
221 1456 279 1506 Non
293 1474 321 1506 ex
336 1455 431 1507 difficili
440 1460 510 1509 causa
519 1456 623 1523 petenda
636 1456 721 1507 subest.
908 1465 953 1513 ³5⁰

185 1533 246 1585 Non
261 1535 293 1584 est
303 1534 333 1584 de
343 1538 450 1597 tetricis,
459 1536 551 1586 nonest
561 1534 592 1585 de
601 1544 689 1600 magna
700 1532 826 1600 professis:

218 1612 279 1663 Vult
290 1616 330 1663 sua
341 1615 438 1680 Plebejo
449 1617 601 1682 sactapattre
610 1616 694 1663 choro.

105 1698 110 1702 “
183 1690 216 1740 Et
230 1707 313 1741 monet
322 1696 398 1743 astatis
409 1695 501 1759 specie,
517 1690 576 1742 dum
588 1690 690 1749 floreat,
705 1692 755 1751 uti·,

216 1769 349 1820 Contemni
360 1772 470 1837 spinam,
480 1787 537 1820 cum
554 1768 661 1820 cecidere
671 1771 739 1819 ross.

183 1846 235 1898 Cur
252 1863 352 1903 tamen,
367 1864 395 1899 ut
408 1846 495 1899 dantur
504 1848 579 1899 velles
594 1848 734 1899 Cerealibus
745 1848 804 1899 albae
812 1880 821 1910 ,
903 1872 947 1919 355

216 1928 255 1975 Sic
266 1928 316 1975 hcc
327 1927 361 1974 esi
373 1927 440 1975 cultu
446 1926 591 1975 versicolore
603 1924 688 1975 decens
700 1929 710 1977 ἰ

184 2004 221 2053 An
234 2007 290 2069 quia
300 2007 400 2053 maturis
411 2004 509 2053 albescit
519 2006 602 2052 messis
610 2004 683 2052 arillis
695 2008 704 2053 i

216 2082 248 2131 Et
258 2082 326 2131 color
336 2085 361 2130 δι
373 2083 461 2145 species
469 2079 568 2130 floribus
577 2083 657 2129 omnis
665 2080 735 2131 inest?

180 2161 281 2221 Annuit3
292 2164 317 2211 δι
326 2162 400 2232 motis
410 2158 482 2210 flores
488 2156 595 2210 cecidere
604 2158 707 2226 capillis,

216 2239 330 2291 Accidere
344 2244 370 2289 in
388 2236 481 2300 nrensss
496 2254 523 2289 ut
536 2240 589 2288 rosa
602 2236 672 2288 missa
682 2238 753 2288 solet.
905 2244 951 2298 350

183 2318 286 2368 Lumina
296 2318 429 2380 restabant,
438 2334 542 2385 quorum
552 2318 592 2366 me
602 2319 672 2369 causa
682 2316 785 2373 latebat,

214 2396 279 2447 cum
293 2401 327 2447 sic
341 2413 431 2447 errores
441 2396 538 2446 abstulit
551 2396 594 2445 illa
607 2413 683 2445 meos.

181 2475 227 2525 Vel
244 2479 299 2542 quia
311 2480 433 2541 purpureis
443 2475 566 2525 collucent
577 2472 676 2524 floribus
687 2475 756 2540 agri,

211 2554 315 2603 Lumina
326 2557 380 2604 sunt
387 2555 479 2604 nostros
488 2555 538 2604 visa
547 2553 631 2603 decere
644 2551 695 2603 dies
706 2572 711 2601 =

159 2650 162 2654 ’
180 2632 225 2682 Vel
242 2635 352 2698 quianec
365 2632 409 2682 llos
424 2632 458 2681 est
473 2634 568 2691 hebeti,
586 2648 630 2681 nec
641 2630 753 2691 flamma,
771 2630 867 2693 coloss3
898 2644 941 2700 ,σς

212 2712 291 2775 Atque
305 2710 389 2759 oculos
404 2713 431 2759 in
446 2713 470 2759 se
482 2708 596 2775 splendor
607 2725 706 2777 uterque
718 2711 804 2761 trahit:

182 2787 227 2838 Vel
237 2791 294 2854 quia
301 2786 392 2837 deliciis
402 2790 516 2838 nostuma
525 2789 623 2838 licentia
636 2789 720 2839 nostris

213 2866 353 2917 Convenit:
366 2882 380 2916 a
392 2883 451 2916 vcro
461 2869 530 2917 tertia
541 2869 611 2917 causa
620 2870 696 2918 venit.
712 2902 714 2907 -

180 2945 219 2995 Est
236 2943 307 2994 br'eve
320 2960 448 3010 preterea,
462 2944 493 2995 de
503 2963 553 3011 quo
568 2948 630 2995 mihi
644 2962 748 3013 quarere
759 2945 845 3009 restat,
914 2956 915 2959 ’

212 3025 235 3072 Si
247 3023 330 3083 liceat,
345 3021 402 3072 dixi.
414 3023 483 3072 Dixit
494 3028 519 3073 dt
530 3024 589 3085 illa,
602 3025 677 3074 Licet.
896 3048 941 3094 370

179 3101 230 3154 Cur
241 3104 284 3153 tibi
294 3118 339 3169 pro
349 3102 445 3169 Libycis
452 3102 594 3155 claudantur
602 3118 652 3157 rete
663 3105 744 3155 leaenis

719 3184 738 3239 1²
756 3184 784 3239 ir
