2325 3959
326 397 395 465 304
464 376 508 449 P.
531 381 688 451 Orrnrr
707 383 907 453 NArortrs'

351 501 382 550 Et
390 518 424 551 res
434 502 545 553 heredem
556 509 643 569 reperit
653 505 695 555 illa
704 508 782 555 suum.

271 584 299 634 55
318 576 386 628 Hanc
404 596 449 645 ego
464 595 530 635 non,
546 597 573 630 ut
588 598 627 631 me
643 582 769 632 defendere
785 597 879 644 tentet,
897 580 1010 633 adoras

351 656 409 706 Non
421 658 453 707 est
463 659 564 708 confessi
579 662 647 708 causa
663 659 752 710 tuenda
766 665 809 713 rei.

302 766 306 773 -
318 732 385 784 Num
397 748 477 785 tamen
487 739 580 786 excuses
593 740 678 786 erroris
687 741 790 803 imagine
802 739 911 797 fabium,

351 813 389 862 An
403 814 463 862 nihil
480 814 588 879 expediat
604 815 650 863 tale
665 828 781 875 movete,
795 814 859 865 vide.

318 887 430 939 Vulneris
441 889 477 940 id
482 908 555 956 genus
567 892 612 947 est,
630 892 697 957 quod
711 893 766 943 crim
782 893 887 943 sanabile
905 910 965 943 non
983 897 1029 953 sit,

271 964 302 1009 ⁶0
351 967 409 1017 Non
425 972 564 1017 contreliari
580 973 653 1019 rutiue
669 967 716 1019 ell'e
731 987 821 1036 putem.

319 1045 427 1109 Lingua,
439 1047 481 1093 sile
493 1066 499 1094 ε
512 1062 562 1095 non
577 1047 610 1096 cst
627 1049 689 1097 ultra
705 1050 822 1098 narrabile
838 1047 997 1115 quidquam.

351 1119 419 1171 Polie
433 1123 507 1171 velim
523 1126 612 1173 cineres
627 1126 727 1175 obruere
743 1128 791 1191 ipse
806 1142 884 1175 meos.

319 1200 356 1246 Sic
367 1201 456 1262 igitur,
464 1202 532 1263 quari
545 1216 584 1248 me
598 1201 677 1250 nullus
688 1201 808 1267 deceperit
817 1218 883 1250 error
893 1236 902 1263 ‚

353 1276 431 1324 Verba
446 1277 516 1336 face,
535 1292 562 1326 ut
576 1277 648 1337 viri,
665 1294 737 1343 quarn
753 1277 820 1328 dedit
837 1281 908 1343 ipse,
930 1280 1010 1329 fruar.

271 1363 299 1417 σς
320 1352 431 1420 Cumque
446 1358 538 1403 serenus
557 1359 616 1409 erit.
631 1356 757 1423 vultusque
772 1360 891 1406 remiserit
906 1358 987 1417 illos,
1052 1374 1055 1381 ·

352 1433 399 1493 Qui
416 1436 494 1482 secum
510 1449 583 1482 terras
599 1437 775 1500 imperiumque
791 1450 910 1492 movem3

319 1508 435 1573 Exiguam
454 1527 485 1559 ne
505 1528 544 1559 nte
562 1510 665 1576 praedarn
683 1515 744 1561 sinat
759 1509 805 1561 eise
821 1512 965 1571 Getarum,

351 1586 446 1651 Detque
466 1588 544 1636 solum
563 1590 653 1637 misera
669 1593 745 1649 mite,
756 1604 870 1654 precare,
888 1589 966 1654 fugae.

320 1664 425 1728 Tempus
439 1664 502 1712 adest
513 1682 595 1729 aprum
609 1669 733 1730 precibus:
747 1667 811 1717 valet
820 1668 869 1731 ipse
879 1700 888 1727 ,
900 1667 1019 1734 videtque

272 1754 304 1799 70
321 1753 323 1758 ’
352 1741 416 1801 Quas
433 1742 491 1790 feeit
506 1746 583 1801 vires,
602 1745 696 1798 Roma,
712 1744 790 1794 valere
807 1759 867 1793 tuas.

319 1817 450 1867 Incolumis
465 1824 553 1884 conjux
572 1822 612 1869 sua
628 1822 758 1886 pulvinaria
776 1824 852 1871 servat
869 1840 876 1870 a

352 1894 481 1946 Promovet
498 1899 629 1947 Ausonium
646 1898 708 1948 filius
725 1901 860 1964 imperium.

252 1984 256 1994 ·
320 1972 425 2023 Praeterit
440 1978 488 2039 ipse
500 1978 552 2025 suos
563 1980 644 2025 animo
660 1978 815 2027 Germanicus
830 1993 928 2039 annos,

352 2051 403 2100 Nec
416 2056 484 2117 vigor
494 2054 526 2102 eli
535 2054 607 2102 Drusi
618 2054 744 2105 nobilitate
755 2058 842 2104 minor.

272 2138 300 2183 75
321 2126 388 2176 Adde
398 2145 625 2197 nurus‚-nepresque
636 2134 699 2195 pias,
711 2148 825 2199 natosque
835 2147 976 2197 nepotum,

351 2205 486 2273 ceteraque
495 2210 601 2273 Augusta
611 2210 717 2258 membra
724 2210 801 2259 valere
810 2207 896 2258 dormis
909 2230 916 2257 :

320 2281 388 2333 Adde
399 2289 557 2350 triumphatos
569 2286 645 2336 modb
657 2288 774 2347 Poeonas,
785 2286 845 2336 adde
855 2290 936 2352 quieti

352 2361 450 2410 Subdita
463 2378 584 2412 montane
598 2366 692 2413 brachia
704 2364 840 2414 Dalmatiae.

319 2436 370 2498 Nec
390 2437 581 2503 dedignandi,
597 2441 704 2506 abjeilis.
724 2442 815 2505 illyris,
833 2445 929 2503 armis,

271 2512 302 2560 lo
351 2514 485 2565 Cesareum
503 2516 594 2566 famulo
607 2523 695 2568 vertice
712 2521 772 2569 ferre
788 2518 883 2585 pedem.

319 2592 370 2656 lpse
386 2594 454 2658 super
468 2609 580 2652 curtum,
597 2593 692 2659 placido
706 2597 837 2660 spellabilis
852 2613 915 2657 ore,

326 2660 331 2666 ’
346 2670 466 2734 Tempora
481 2671 586 2721 Phoebeal
602 2675 692 2737 virgine
710 2690 769 2725 nexa
785 2675 850 2723 tulit.

319 2746 397 2807 Quem
407 2750 446 2811 pia
456 2749 580 2797 vobiscum
595 2750 673 2813 proles
688 2754 814 2801 comitavit
826 2768 943 2815 euntem,

317 2816 322 2827 ¹
351 2824 430 2888 Digna
445 2841 541 2889 parente
556 2828 616 2887 suo,
630 2830 815 2895 nominibusque
827 2827 897 2879 datis.

269 2926 285 2975 8
291 2942 301 2987 5
319 2902 436 2952 fratribus
450 2904 572 2964 assimilis,
585 2921 644 2970 quos
655 2909 764 2970 proxima
774 2907 863 2973 templa
873 2923 1001 2968 tenentes,

350 2981 427 3031 Divus
443 2983 474 3030 ab
490 2982 580 3031 excelsa
590 2983 665 3033 Julius
678 2982 728 3033 rede
742 2983 817 3034 videt.

319 3058 363 3111 His
378 3056 541 3123 Meffallinus,
550 3061 636 3127 quibus
648 3064 729 3114 omnia
740 3060 823 3113 cedere
833 3060 941 3123 debent,
