2325 3959
222 439 286 522 178
347 435 390 504 P.
422 437 579 507 Ovrmr
602 438 799 509 anoms

250 557 355 610 Grandia
367 561 474 625 siparvis
482 559 618 610 assimulare
630 561 696 611 licet.

218 637 263 686 llei
275 637 343 686 mihi!
355 653 404 686 nou
414 655 510 704 magnas
518 636 585 704 quod
593 639 739 688 habentmea
744 637 851 688 carmina
861 639 939 696 uires,¹

173 721 202 766 30
251 715 384 781 Nullraque
395 718 449 764 sunt
458 719 547 765 meritis
559 733 602 765 ora
613 721 707 767 minora
718 720 773 767 ruis.

221 795 244 843 Si
255 791 314 859 quid
325 798 350 842 δι
362 796 387 844 iu
397 795 466 843 nobis
479 797 527 844 vivi
540 795 586 843 fuit
596 809 650 843 ante
661 798 767 859 vigoris,

249 863 394 920 Exstiniiurn
405 872 483 938 longis
493 871 585 922 occidit
594 890 666 921 omne
676 873 743 921 malis
756 890 765 931 5

221 949 300 998 Prima
312 949 393 1000 locum
405 954 492 1001 sanum
501 952 612 1018 lreru'idas
623 955 684 1000 incer
693 955 792 1000 haberes
803 971 810 999 s

251 1030 330 1077 Prima
338 1030 406 1078 bonis
414 1033 486 1078 animi
498 1031 659 1094 conspicerere
672 1033 716 1078 tui.

173 1124 200 1170 35
221 1103 448 1174 Quantumcumque
463 1119 542 1158 ranreu
553 1111 672 1173 preconis
682 1109 760 1158 nostra
770 1108 900 1169 valebunt,

253 1185 407 1238 Carminibus
417 1189 482 1238 vives
494 1189 624 1251 tompus-in
630 1202 705 1235 omne
711 1189 784 1234 ursis.

393 1473 646 1540 ELEGIA
687 1476 764 1539 VL

224 1571 262 1690 S
276 1657 285 1688 r
304 1655 369 1698 Qurs
381 1641 452 1689 habes
463 1640 536 1690 nostri
547 1639 672 1690 similesin
682 1641 785 1705 imagine
795 1638 876 1689 vultus
887 1671 898 1699 ,

253 1718 330 1766 Deme
342 1722 401 1767 meis
413 1717 527 1777 hederas,
540 1719 657 1767 Bacchica
666 1720 740 1780 serta,
753 1721 840 1767 comis.

221 1795 265 1846 Ista
278 1793 362 1844 decent
373 1795 439 1844 laetos
451 1795 530 1846 felicia
542 1799 716 1860 signapo'e'ras:
751 1797 753 1801 ’

256 1874 415 1938 Temporibus
426 1889 474 1922 non
483 1873 515 1921 eii
526 1889 681 1938 apracorona
691 1876 761 1922 meis.

192 1951 203 2000 5
224 1952 280 2002 Haec
299 1954 342 2000 tibi
355 1949 506 2010 dissimulas,
518 1953 589 2000 sentis
602 1967 698 2010 tamen,
711 1954 824 2017 optime,
839 1949 909 2010 clici,¹

239 2053 241 2057 ·
255 2029 283 2078 ln
301 2027 380 2094 digito
390 2033 431 2095 qul
443 2047 481 2078 sne
492 2029 586 2095 fersque
597 2030 716 2096 refersque
727 2044 779 2078 ruo.

222 2106 379 2173 Effigiemque
391 2124 469 2157 meam
481 2107 548 2156 fulvo
560 2108 698 2172 complexus
709 2110 735 2156 in
747 2125 823 2170 auro,

255 2184 318 2236 Cara
329 2186 440 2252 relegati,
459 2186 507 2252 qud
522 2201 604 2250 potes,
617 2183 744 2236 ora-uides.

224 2263 282 2324 Quae
293 2268 385 2329 quoties
395 2259 498 2330 lpeilas,
512 2265 593 2313 subeat
603 2266 646 2312 tibi
657 2262 735 2315 dicere
746 2262 844 2323 forsan,

177 2361 206 2394 so
256 2341 336 2402 Quam
347 2342 430 2407 procul
443 2359 455 2390 a
466 2342 535 2390 nubis
544 2341 611 2391 Naso
622 2339 709 2390 sodalis
717 2342 796 2392 abest!

223 2422 296 2470 Grata
308 2436 348 2470 rua
359 2423 491 2486 ell,pietas.5
504 2418 659 2468 sedcarmina
667 2425 745 2486 maior
755 2424 837 2485 imago

256 2501 316 2548 Sunt
330 2515 404 2558 mea,
419 2515 471 2563 quae
484 2497 574 2548 maudo
585 2498 769 2564 qualiacumque
778 2499 863 2563 legas.

223 2576 339 2628 Carmina
349 2593 452 2628 mutatas
461 2577 815 2628 hominumrdiceuria'formas:

223 2673 225 2676 ·
255 2657 340 2706 Infelix
351 2655 444 2705 domini
453 2655 519 2722 quod
530 2655 587 2721 fuga
596 2659 661 2720 rupit
671 2672 743 2720 opus.

175 2743 204 2802 15
224 2737 280 2785 Haec
296 2751 341 2800 ego
353 2732 487 2794 discedens,
500 2737 560 2782 sicut
572 2735 631 2782 bene
643 2734 719 2782 mules
729 2749 858 2791 monim,

255 2814 306 2879 lpse
317 2812 370 2863 mei
377 2814 444 2878 posui
455 2813 546 2861 mallus
561 2815 587 2862 iu
596 2814 651 2878 igne
661 2828 743 2860 manu.

224 2893 306 2958 thue
318 2889 430 2942 cremalse
443 2893 510 2940 suum
522 2890 597 2940 fertur
606 2889 831 2954 iubssipitenarum

258 2971 380 3029 Thestias,
395 2973 419 3020 &
432 2969 518 3020 melior
529 2984 604 3018 matre
613 2965 772 3025 luill'eiorur3

226 3050 263 3098 Sic
274 3065 318 3112 ego
329 3063 378 3096 non
390 3050 502 3108 medrus,
519 3048 748 3111 merumfflerirura,
764 3045 859 3095 libellos

178 3137 209 3172 ²0
260 3128 365 3193 Imposui
380 3124 467 3194 rapidis
478 3161 485 3182 ,
495 3125 697 3191 visceraruuiira,
715 3127 789 3190 rugis.
