<?xml version="1.0" encoding="UTF-8"?>
<!DOCTYPE html PUBLIC "-//W3C//DTD XHTML 1.0 Transitional//EN"
    "http://www.w3.org/TR/xhtml1/DTD/xhtml1-transitional.dtd">
<html xmlns="http://www.w3.org/1999/xhtml" xml:lang="en" lang="en">
 <head>
  <title>
</title>
<meta http-equiv="Content-Type" content="text/html;charset=utf-8" />
  <meta name='ocr-system' content='tesseract 3.04.00' />
  <meta name='ocr-capabilities' content='ocr_page ocr_carea ocr_par ocr_line ocrx_word'/>
</head>
<body>
  <div class='ocr_page' id='page_1' title='image "./povidiinasoniso02ovidgoog_0268.png"; bbox 0 0 2325 3959; ppageno 0'>
   <div class='ocr_carea' id='block_1_1' title="bbox 210 331 924 723">
    <p class='ocr_par' dir='ltr' id='par_1_1' title="bbox 210 331 924 723">
     <span class='ocr_line' id='line_1_1' title="bbox 276 331 867 425; baseline -0.007 0"><span class='ocrx_word' id='word_1_1' title='bbox 276 331 349 425; x_wconf 39' lang='lat'>⁸266</span> <span class='ocrx_word' id='word_1_2' title='bbox 421 354 465 423; x_wconf 91' lang='lat' dir='ltr'>P.</span> <span class='ocrx_word' id='word_1_3' title='bbox 494 355 867 423; x_wconf 77' lang='lat' dir='ltr'>OrrnrrNAsours</span> 
     </span>
     <span class='ocr_line' id='line_1_2' title="bbox 210 633 924 723; baseline 0.007 -6"><span class='ocrx_word' id='word_1_4' title='bbox 210 633 214 641; x_wconf 84' lang='grc'>’</span> <span class='ocrx_word' id='word_1_5' title='bbox 451 658 693 723; x_wconf 74' lang='lat' dir='ltr'>rrrurr</span> <span class='ocrx_word' id='word_1_6' title='bbox 734 660 807 723; x_wconf 85' lang='lat' dir='ltr'>rx.</span> <span class='ocrx_word' id='word_1_7' title='bbox 918 668 924 680; x_wconf 53' lang='grc'><em>“</em></span> 
     </span>
    </p>
   </div>
   <div class='ocr_carea' id='block_1_2' title="bbox 153 747 973 3141">
    <p class='ocr_par' dir='ltr' id='par_1_2' title="bbox 153 747 973 3141">
     <span class='ocr_line' id='line_1_3' title="bbox 277 747 891 886; baseline 0.003 -18"><span class='ocrx_word' id='word_1_8' title='bbox 277 747 343 868; x_wconf 86' lang='lat' dir='ltr'>O</span> <span class='ocrx_word' id='word_1_9' title='bbox 353 819 412 871; x_wconf 79' lang='lat' dir='ltr'>lru</span> <span class='ocrx_word' id='word_1_10' title='bbox 423 829 439 868; x_wconf 82' lang='grc' dir='ltr'><strong>Α</strong></span> <span class='ocrx_word' id='word_1_11' title='bbox 460 821 479 869; x_wconf 82' lang='lat' dir='ltr'>si</span> <span class='ocrx_word' id='word_1_12' title='bbox 495 821 580 870; x_wconf 79' lang='lat' dir='ltr'><strong>sineres</strong></span> <span class='ocrx_word' id='word_1_13' title='bbox 592 822 617 870; x_wconf 89' lang='lat' dir='ltr'>iu</span> <span class='ocrx_word' id='word_1_14' title='bbox 628 821 712 870; x_wconf 82' lang='lat' dir='ltr'>nostris</span> <span class='ocrx_word' id='word_1_15' title='bbox 723 823 823 872; x_wconf 80' lang='lat' dir='ltr'>uomina</span> <span class='ocrx_word' id='word_1_16' title='bbox 833 823 891 886; x_wconf 84' lang='lat' dir='ltr'>poni</span> 
     </span>
     <span class='ocr_line' id='line_1_4' title="bbox 248 895 901 964; baseline 0 -17"><span class='ocrx_word' id='word_1_17' title='bbox 248 951 253 956; x_wconf 52' lang='grc'>,</span> <span class='ocrx_word' id='word_1_18' title='bbox 303 895 473 957; x_wconf 78' lang='lat' dir='ltr'>Carminibus,</span> <span class='ocrx_word' id='word_1_19' title='bbox 487 898 578 963; x_wconf 74' lang='lat' dir='ltr'>positis</span> <span class='ocrx_word' id='word_1_20' title='bbox 591 897 667 963; x_wconf 77' lang='lat' dir='ltr'>qudm</span> <span class='ocrx_word' id='word_1_21' title='bbox 682 900 743 948; x_wconf 86' lang='lat' dir='ltr'>mibi</span> <span class='ocrx_word' id='word_1_22' title='bbox 754 901 812 964; x_wconf 81' lang='lat' dir='ltr'>saepe</span> <span class='ocrx_word' id='word_1_23' title='bbox 824 900 901 948; x_wconf 81' lang='lat' dir='ltr'>fores!</span> 
     </span>
     <span class='ocr_line' id='line_1_5' title="bbox 269 974 917 1042; baseline 0.002 -19"><span class='ocrx_word' id='word_1_24' title='bbox 269 974 305 1023; x_wconf 90' lang='lat' dir='ltr'>Te</span> <span class='ocrx_word' id='word_1_25' title='bbox 322 974 399 1023; x_wconf 88' lang='lat' dir='ltr'>solum</span> <span class='ocrx_word' id='word_1_26' title='bbox 412 978 491 1023; x_wconf 87' lang='lat' dir='ltr'>meriti</span> <span class='ocrx_word' id='word_1_27' title='bbox 501 988 610 1023; x_wconf 85' lang='lat' dir='ltr'>canerem</span> <span class='ocrx_word' id='word_1_28' title='bbox 621 992 731 1035; x_wconf 75' lang='lat' dir='ltr'>memor3</span> <span class='ocrx_word' id='word_1_29' title='bbox 743 978 816 1042; x_wconf 84' lang='lat' dir='ltr'>itique</span> <span class='ocrx_word' id='word_1_30' title='bbox 827 974 917 1025; x_wconf 81' lang='lat' dir='ltr'>libellis</span> 
     </span>
     <span class='ocr_line' id='line_1_6' title="bbox 301 1050 793 1117; baseline 0 -15"><span class='ocrx_word' id='word_1_31' title='bbox 301 1050 420 1103; x_wconf 81' lang='lat' dir='ltr'>Crcriffet</span> <span class='ocrx_word' id='word_1_32' title='bbox 436 1056 486 1101; x_wconf 85' lang='lat' dir='ltr'>sine</span> <span class='ocrx_word' id='word_1_33' title='bbox 506 1066 528 1100; x_wconf 89' lang='lat' dir='ltr'>te</span> <span class='ocrx_word' id='word_1_34' title='bbox 543 1056 629 1117; x_wconf 82' lang='lat' dir='ltr'>pagina</span> <span class='ocrx_word' id='word_1_35' title='bbox 645 1052 711 1101; x_wconf 83' lang='lat' dir='ltr'>nulla</span> <span class='ocrx_word' id='word_1_36' title='bbox 725 1057 793 1102; x_wconf 86' lang='lat' dir='ltr'>meis.</span> 
     </span>
     <span class='ocr_line' id='line_1_7' title="bbox 239 1127 803 1190; baseline 0.011 -17"><span class='ocrx_word' id='word_1_37' title='bbox 239 1130 249 1173; x_wconf 92' lang='lat'>5</span> <span class='ocrx_word' id='word_1_38' title='bbox 269 1128 334 1190; x_wconf 88' lang='lat' dir='ltr'><strong>Quid</strong></span> <span class='ocrx_word' id='word_1_39' title='bbox 345 1130 389 1178; x_wconf 93' lang='lat' dir='ltr'>tibi</span> <span class='ocrx_word' id='word_1_40' title='bbox 399 1127 510 1178; x_wconf 84' lang='lat' dir='ltr'>deberem</span> <span class='ocrx_word' id='word_1_41' title='bbox 522 1129 574 1179; x_wconf 70' lang='lat' dir='ltr'>tori</span> <span class='ocrx_word' id='word_1_42' title='bbox 584 1132 681 1179; x_wconf 88' lang='lat' dir='ltr'>sciretur</span> <span class='ocrx_word' id='word_1_43' title='bbox 692 1134 717 1179; x_wconf 87' lang='lat' dir='ltr'>in</span> <span class='ocrx_word' id='word_1_44' title='bbox 726 1130 803 1181; x_wconf 87' lang='lat' dir='ltr'>Urbe:</span> 
     </span>
     <span class='ocr_line' id='line_1_8' title="bbox 299 1206 788 1273; baseline 0.004 -18"><span class='ocrx_word' id='word_1_45' title='bbox 299 1206 370 1256; x_wconf 83' lang='lat' dir='ltr'>Exsul</span> <span class='ocrx_word' id='word_1_46' title='bbox 380 1210 406 1256; x_wconf 92' lang='lat' dir='ltr'>in</span> <span class='ocrx_word' id='word_1_47' title='bbox 417 1208 501 1256; x_wconf 70' lang='lat' dir='ltr'>amissi</span> <span class='ocrx_word' id='word_1_48' title='bbox 510 1210 529 1256; x_wconf 84' lang='lat' dir='ltr'>ti</span> <span class='ocrx_word' id='word_1_49' title='bbox 541 1222 621 1257; x_wconf 84' lang='lat' dir='ltr'>tamen</span> <span class='ocrx_word' id='word_1_50' title='bbox 634 1207 700 1257; x_wconf 85' lang='lat' dir='ltr'>Urbe</span> <span class='ocrx_word' id='word_1_51' title='bbox 713 1208 788 1273; x_wconf 84' lang='lat' dir='ltr'>legor.</span> 
     </span>
     <span class='ocr_line' id='line_1_9' title="bbox 267 1282 901 1350; baseline 0.002 -15"><span class='ocrx_word' id='word_1_52' title='bbox 267 1285 302 1335; x_wconf 86' lang='lat' dir='ltr'>Te</span> <span class='ocrx_word' id='word_1_53' title='bbox 311 1288 410 1350; x_wconf 67' lang='lat' dir='ltr'>presens</span> <span class='ocrx_word' id='word_1_54' title='bbox 421 1289 504 1335; x_wconf 86' lang='lat' dir='ltr'>mirem</span> <span class='ocrx_word' id='word_1_55' title='bbox 515 1321 522 1345; x_wconf 95' lang='lat'>‚</span> <span class='ocrx_word' id='word_1_56' title='bbox 535 1300 558 1334; x_wconf 90' lang='lat' dir='ltr'>te</span> <span class='ocrx_word' id='word_1_57' title='bbox 569 1282 647 1335; x_wconf 83' lang='lat' dir='ltr'>no&#39;ffet</span> <span class='ocrx_word' id='word_1_58' title='bbox 660 1288 732 1335; x_wconf 87' lang='lat' dir='ltr'>serior</span> <span class='ocrx_word' id='word_1_59' title='bbox 745 1300 817 1337; x_wconf 79' lang='lat' dir='ltr'>retas:</span> <span class='ocrx_word' id='word_1_60' title='bbox 898 1300 901 1307; x_wconf 68' lang='lat'><strong>⁴</strong></span> 
     </span>
     <span class='ocr_line' id='line_1_10' title="bbox 252 1357 839 1427; baseline -0.007 -16"><span class='ocrx_word' id='word_1_61' title='bbox 252 1408 254 1411; x_wconf 78' lang='grc'>,</span> <span class='ocrx_word' id='word_1_62' title='bbox 296 1362 388 1427; x_wconf 81' lang='lat' dir='ltr'>Scripta</span> <span class='ocrx_word' id='word_1_63' title='bbox 398 1360 539 1412; x_wconf 85' lang='lat' dir='ltr'>vetustatem</span> <span class='ocrx_word' id='word_1_64' title='bbox 549 1360 568 1407; x_wconf 85' lang='lat' dir='ltr'>si</span> <span class='ocrx_word' id='word_1_65' title='bbox 576 1357 652 1409; x_wconf 86' lang='lat' dir='ltr'>modb</span> <span class='ocrx_word' id='word_1_66' title='bbox 664 1358 742 1407; x_wconf 83' lang='lat' dir='ltr'>nostra</span> <span class='ocrx_word' id='word_1_67' title='bbox 752 1358 839 1408; x_wconf 85' lang='lat' dir='ltr'>ferent.</span> 
     </span>
     <span class='ocr_line' id='line_1_11' title="bbox 264 1434 847 1507; baseline -0.003 -20"><span class='ocrx_word' id='word_1_68' title='bbox 264 1436 316 1487; x_wconf 89' lang='lat' dir='ltr'>Nec</span> <span class='ocrx_word' id='word_1_69' title='bbox 336 1439 380 1489; x_wconf 85' lang='lat' dir='ltr'>tibi</span> <span class='ocrx_word' id='word_1_70' title='bbox 390 1434 487 1488; x_wconf 72' lang='lat' dir='ltr'>celsaret</span> <span class='ocrx_word' id='word_1_71' title='bbox 499 1435 580 1487; x_wconf 68' lang='lat' dir='ltr'>dostus</span> <span class='ocrx_word' id='word_1_72' title='bbox 596 1436 656 1507; x_wconf 81' lang='lat' dir='ltr'>bene</span> <span class='ocrx_word' id='word_1_73' title='bbox 670 1434 747 1485; x_wconf 87' lang='lat' dir='ltr'>dicere</span> <span class='ocrx_word' id='word_1_74' title='bbox 760 1436 847 1485; x_wconf 66' lang='lat' dir='ltr'>ledor:</span> 
     </span>
     <span class='ocr_line' id='line_1_12' title="bbox 218 1516 813 1574; baseline -0.002 -10"><span class='ocrx_word' id='word_1_75' title='bbox 218 1518 247 1552; x_wconf 67' lang='lat'>¹³</span> <span class='ocrx_word' id='word_1_76' title='bbox 296 1516 342 1564; x_wconf 87' lang='lat' dir='ltr'>Hic</span> <span class='ocrx_word' id='word_1_77' title='bbox 351 1516 409 1571; x_wconf 85' lang='lat' dir='ltr'>tibi,</span> <span class='ocrx_word' id='word_1_78' title='bbox 422 1518 513 1566; x_wconf 81' lang='lat' dir='ltr'>servaro</span> <span class='ocrx_word' id='word_1_79' title='bbox 524 1529 596 1574; x_wconf 82' lang='lat' dir='ltr'>vare,</span> <span class='ocrx_word' id='word_1_80' title='bbox 609 1529 716 1563; x_wconf 82' lang='lat' dir='ltr'>maneret</span> <span class='ocrx_word' id='word_1_81' title='bbox 727 1516 813 1564; x_wconf 89' lang='lat' dir='ltr'>bonor.</span> 
     </span>
     <span class='ocr_line' id='line_1_13' title="bbox 263 1589 934 1659; baseline 0 -16"><span class='ocrx_word' id='word_1_82' title='bbox 263 1593 362 1643; x_wconf 66' lang='lat' dir='ltr'>cesaris</span> <span class='ocrx_word' id='word_1_83' title='bbox 372 1594 404 1642; x_wconf 85' lang='lat' dir='ltr'>est</span> <span class='ocrx_word' id='word_1_84' title='bbox 414 1596 519 1659; x_wconf 86' lang='lat' dir='ltr'>primum</span> <span class='ocrx_word' id='word_1_85' title='bbox 527 1608 613 1640; x_wconf 81' lang='lat' dir='ltr'>munus</span> <span class='ocrx_word' id='word_1_86' title='bbox 624 1627 632 1652; x_wconf 94' lang='lat'><strong><em>‚</em></strong></span> <span class='ocrx_word' id='word_1_87' title='bbox 648 1589 715 1657; x_wconf 91' lang='lat' dir='ltr'>quod</span> <span class='ocrx_word' id='word_1_88' title='bbox 725 1590 834 1641; x_wconf 83' lang='lat' dir='ltr'>ducimus</span> <span class='ocrx_word' id='word_1_89' title='bbox 845 1610 913 1643; x_wconf 78' lang='lat' dir='ltr'>auras</span> <span class='ocrx_word' id='word_1_90' title='bbox 925 1612 934 1653; x_wconf 68' lang='grc' dir='ltr'><strong><em>ς</em></strong></span> 
     </span>
     <span class='ocr_line' id='line_1_14' title="bbox 293 1668 847 1736; baseline -0.004 -15"><span class='ocrx_word' id='word_1_91' title='bbox 293 1673 376 1721; x_wconf 76' lang='lat' dir='ltr'>Gratia</span> <span class='ocrx_word' id='word_1_92' title='bbox 383 1672 435 1736; x_wconf 88' lang='lat' dir='ltr'>post</span> <span class='ocrx_word' id='word_1_93' title='bbox 445 1686 544 1734; x_wconf 81' lang='lat' dir='ltr'><strong>magnos</strong></span> <span class='ocrx_word' id='word_1_94' title='bbox 556 1670 588 1717; x_wconf 85' lang='lat' dir='ltr'>est</span> <span class='ocrx_word' id='word_1_95' title='bbox 600 1670 643 1718; x_wconf 86' lang='lat' dir='ltr'>ribi</span> <span class='ocrx_word' id='word_1_96' title='bbox 654 1668 762 1719; x_wconf 85' lang='lat' dir='ltr'>habenda</span> <span class='ocrx_word' id='word_1_97' title='bbox 773 1668 847 1719; x_wconf 84' lang='lat' dir='ltr'>Deos.</span> 
     </span>
     <span class='ocr_line' id='line_1_15' title="bbox 261 1744 875 1811; baseline -0.002 -14"><span class='ocrx_word' id='word_1_98' title='bbox 261 1748 306 1799; x_wconf 92' lang='lat' dir='ltr'>llle</span> <span class='ocrx_word' id='word_1_99' title='bbox 317 1746 384 1798; x_wconf 86' lang='lat' dir='ltr'>dedit</span> <span class='ocrx_word' id='word_1_100' title='bbox 393 1751 483 1806; x_wconf 77' lang='lat' dir='ltr'>vitam5</span> <span class='ocrx_word' id='word_1_101' title='bbox 496 1762 537 1805; x_wconf 85' lang='lat' dir='ltr'>tu,</span> <span class='ocrx_word' id='word_1_102' title='bbox 556 1763 627 1811; x_wconf 81' lang='lat' dir='ltr'>quam</span> <span class='ocrx_word' id='word_1_103' title='bbox 641 1744 709 1795; x_wconf 84' lang='lat' dir='ltr'>dedit</span> <span class='ocrx_word' id='word_1_104' title='bbox 718 1745 777 1806; x_wconf 90' lang='lat' dir='ltr'>ille,</span> <span class='ocrx_word' id='word_1_105' title='bbox 791 1751 875 1796; x_wconf 81' lang='lat' dir='ltr'>tueris:</span> 
     </span>
     <span class='ocr_line' id='line_1_16' title="bbox 292 1814 764 1890; baseline -0.006 -14"><span class='ocrx_word' id='word_1_106' title='bbox 292 1827 323 1876; x_wconf 87' lang='lat' dir='ltr'>Et</span> <span class='ocrx_word' id='word_1_107' title='bbox 338 1827 396 1875; x_wconf 81' lang='lat' dir='ltr'>facis</span> <span class='ocrx_word' id='word_1_108' title='bbox 405 1840 502 1890; x_wconf 83' lang='lat' dir='ltr'>accepto</span> <span class='ocrx_word' id='word_1_109' title='bbox 516 1839 614 1872; x_wconf 87' lang='lat' dir='ltr'>munere</span> <span class='ocrx_word' id='word_1_110' title='bbox 626 1814 691 1889; x_wconf 75' lang='lat' dir='ltr'>pbffe</span> <span class='ocrx_word' id='word_1_111' title='bbox 704 1824 764 1873; x_wconf 87' lang='lat' dir='ltr'>frui.</span> 
     </span>
     <span class='ocr_line' id='line_1_17' title="bbox 213 1891 927 1971; baseline -0.003 -17"><span class='ocrx_word' id='word_1_112' title='bbox 213 1911 240 1958; x_wconf 84' lang='lat'>15</span> <span class='ocrx_word' id='word_1_113' title='bbox 260 1902 372 1971; x_wconf 77' lang='lat' dir='ltr'>Cilmque</span> <span class='ocrx_word' id='word_1_114' title='bbox 387 1898 546 1969; x_wconf 63' lang='lat' dir='ltr'>perhorruErit</span> <span class='ocrx_word' id='word_1_115' title='bbox 559 1902 625 1950; x_wconf 81' lang='lat' dir='ltr'>casus</span> <span class='ocrx_word' id='word_1_116' title='bbox 635 1891 687 1965; x_wconf 82' lang='lat' dir='ltr'>pars</span> <span class='ocrx_word' id='word_1_117' title='bbox 701 1905 805 1951; x_wconf 77' lang='lat' dir='ltr'>maxima</span> <span class='ocrx_word' id='word_1_118' title='bbox 816 1902 927 1965; x_wconf 87' lang='lat' dir='ltr'>nostros,</span> 
     </span>
     <span class='ocr_line' id='line_1_18' title="bbox 291 1976 748 2046; baseline -0.002 -16"><span class='ocrx_word' id='word_1_119' title='bbox 291 1982 346 2030; x_wconf 80' lang='lat' dir='ltr'>Pars</span> <span class='ocrx_word' id='word_1_120' title='bbox 358 1985 429 2030; x_wconf 82' lang='lat' dir='ltr'>etiam</span> <span class='ocrx_word' id='word_1_121' title='bbox 440 1978 504 2029; x_wconf 87' lang='lat' dir='ltr'>credi</span> <span class='ocrx_word' id='word_1_122' title='bbox 515 1976 661 2046; x_wconf 83' lang='lat' dir='ltr'>pertimuiffe</span> <span class='ocrx_word' id='word_1_123' title='bbox 670 1979 729 2029; x_wconf 90' lang='lat' dir='ltr'>velit</span> <span class='ocrx_word' id='word_1_124' title='bbox 740 2014 748 2039; x_wconf 86' lang='lat'><strong>,</strong></span> 
     </span>
     <span class='ocr_line' id='line_1_19' title="bbox 257 2054 922 2125; baseline -0.002 -17"><span class='ocrx_word' id='word_1_125' title='bbox 257 2058 463 2125; x_wconf 79' lang='lat' dir='ltr'>Naufragiumque</span> <span class='ocrx_word' id='word_1_126' title='bbox 479 2074 560 2106; x_wconf 85' lang='lat' dir='ltr'>meum</span> <span class='ocrx_word' id='word_1_127' title='bbox 574 2054 669 2107; x_wconf 75' lang='lat' dir='ltr'>tumulo</span> <span class='ocrx_word' id='word_1_128' title='bbox 681 2059 789 2123; x_wconf 67' lang='lat' dir='ltr'>spectarit</span> <span class='ocrx_word' id='word_1_129' title='bbox 805 2056 837 2105; x_wconf 86' lang='lat' dir='ltr'>ab</span> <span class='ocrx_word' id='word_1_130' title='bbox 849 2056 922 2119; x_wconf 86' lang='lat' dir='ltr'>alto,</span> 
     </span>
     <span class='ocr_line' id='line_1_20' title="bbox 289 2134 848 2201; baseline -0.005 -15"><span class='ocrx_word' id='word_1_131' title='bbox 289 2136 340 2186; x_wconf 90' lang='lat' dir='ltr'>Nec</span> <span class='ocrx_word' id='word_1_132' title='bbox 355 2134 448 2185; x_wconf 85' lang='lat' dir='ltr'>dederit</span> <span class='ocrx_word' id='word_1_133' title='bbox 457 2138 525 2185; x_wconf 84' lang='lat' dir='ltr'>nanti</span> <span class='ocrx_word' id='word_1_134' title='bbox 538 2151 579 2201; x_wconf 87' lang='lat' dir='ltr'>per</span> <span class='ocrx_word' id='word_1_135' title='bbox 591 2135 652 2185; x_wconf 86' lang='lat' dir='ltr'>freta</span> <span class='ocrx_word' id='word_1_136' title='bbox 663 2136 723 2185; x_wconf 82' lang='lat' dir='ltr'>saeva</span> <span class='ocrx_word' id='word_1_137' title='bbox 734 2150 848 2194; x_wconf 77' lang='lat' dir='ltr'>menum3</span> 
     </span>
     <span class='ocr_line' id='line_1_21' title="bbox 199 2210 826 2284; baseline -0.005 -20"><span class='ocrx_word' id='word_1_138' title='bbox 199 2280 202 2284; x_wconf 71' lang='lat'><em>,</em></span> <span class='ocrx_word' id='word_1_139' title='bbox 255 2216 403 2265; x_wconf 69' lang='lat' dir='ltr'>seminecem</span> <span class='ocrx_word' id='word_1_140' title='bbox 418 2213 500 2279; x_wconf 69' lang='lat' dir='ltr'>Stygii</span> <span class='ocrx_word' id='word_1_141' title='bbox 514 2214 628 2264; x_wconf 83' lang='lat' dir='ltr'>revocasti</span> <span class='ocrx_word' id='word_1_142' title='bbox 640 2212 702 2262; x_wconf 84' lang='lat' dir='ltr'>solus</span> <span class='ocrx_word' id='word_1_143' title='bbox 714 2213 742 2262; x_wconf 83' lang='lat' dir='ltr'>ab</span> <span class='ocrx_word' id='word_1_144' title='bbox 754 2210 826 2262; x_wconf 82' lang='lat' dir='ltr'>unda.</span> 
     </span>
     <span class='ocr_line' id='line_1_22' title="bbox 209 2288 973 2359; baseline 0.003 -16"><span class='ocrx_word' id='word_1_145' title='bbox 209 2302 238 2334; x_wconf 84' lang='lat'>²0</span> <span class='ocrx_word' id='word_1_146' title='bbox 289 2293 343 2342; x_wconf 84' lang='lat' dir='ltr'>Hoc</span> <span class='ocrx_word' id='word_1_147' title='bbox 353 2308 449 2359; x_wconf 88' lang='lat' dir='ltr'>quoque</span> <span class='ocrx_word' id='word_1_148' title='bbox 459 2288 526 2357; x_wconf 87' lang='lat' dir='ltr'>quod</span> <span class='ocrx_word' id='word_1_149' title='bbox 534 2306 653 2340; x_wconf 85' lang='lat' dir='ltr'>memores</span> <span class='ocrx_word' id='word_1_150' title='bbox 661 2288 783 2355; x_wconf 80' lang='lat' dir='ltr'>poll&#39;umus</span> <span class='ocrx_word' id='word_1_151' title='bbox 794 2288 839 2339; x_wconf 85' lang='lat' dir='ltr'>effe</span> <span class='ocrx_word' id='word_1_152' title='bbox 849 2305 918 2341; x_wconf 86' lang='lat' dir='ltr'>tuum</span> <span class='ocrx_word' id='word_1_153' title='bbox 928 2294 973 2345; x_wconf 86' lang='lat' dir='ltr'>est.</span> 
     </span>
     <span class='ocr_line' id='line_1_23' title="bbox 153 2367 885 2433; baseline 0.001 -15"><span class='ocrx_word' id='word_1_154' title='bbox 153 2421 156 2430; x_wconf 25' lang='lat' dir='ltr'>y</span> <span class='ocrx_word' id='word_1_155' title='bbox 254 2368 289 2418; x_wconf 83' lang='lat' dir='ltr'>Di</span> <span class='ocrx_word' id='word_1_156' title='bbox 300 2370 342 2419; x_wconf 88' lang='lat' dir='ltr'>tibi</span> <span class='ocrx_word' id='word_1_157' title='bbox 354 2372 377 2419; x_wconf 91' lang='lat' dir='ltr'>se</span> <span class='ocrx_word' id='word_1_158' title='bbox 388 2370 492 2419; x_wconf 81' lang='lat' dir='ltr'>tribuant</span> <span class='ocrx_word' id='word_1_159' title='bbox 503 2384 558 2417; x_wconf 89' lang='lat' dir='ltr'>cum</span> <span class='ocrx_word' id='word_1_160' title='bbox 569 2367 663 2418; x_wconf 78' lang='lat' dir='ltr'>Caesare</span> <span class='ocrx_word' id='word_1_161' title='bbox 673 2371 764 2433; x_wconf 83' lang='lat' dir='ltr'>semper</span> <span class='ocrx_word' id='word_1_162' title='bbox 779 2373 885 2419; x_wconf 77' lang='lat' dir='ltr'>amices:</span> 
     </span>
     <span class='ocr_line' id='line_1_24' title="bbox 287 2442 794 2513; baseline -0.004 -15"><span class='ocrx_word' id='word_1_163' title='bbox 287 2448 346 2498; x_wconf 84' lang='lat' dir='ltr'>Non</span> <span class='ocrx_word' id='word_1_164' title='bbox 355 2450 435 2513; x_wconf 79' lang='lat' dir='ltr'>potuit</span> <span class='ocrx_word' id='word_1_165' title='bbox 448 2463 533 2495; x_wconf 84' lang='lat' dir='ltr'>vorum</span> <span class='ocrx_word' id='word_1_166' title='bbox 543 2442 635 2510; x_wconf 79' lang='lat' dir='ltr'>plenius</span> <span class='ocrx_word' id='word_1_167' title='bbox 646 2444 692 2495; x_wconf 87' lang='lat' dir='ltr'>ell&#39;e</span> <span class='ocrx_word' id='word_1_168' title='bbox 704 2463 794 2496; x_wconf 86' lang='lat' dir='ltr'>meum.</span> 
     </span>
     <span class='ocr_line' id='line_1_25' title="bbox 253 2525 806 2590; baseline 0 -16"><span class='ocrx_word' id='word_1_169' title='bbox 253 2525 311 2575; x_wconf 78' lang='lat' dir='ltr'>Haec</span> <span class='ocrx_word' id='word_1_170' title='bbox 321 2542 387 2575; x_wconf 86' lang='lat' dir='ltr'>meus</span> <span class='ocrx_word' id='word_1_171' title='bbox 397 2528 484 2590; x_wconf 83' lang='lat' dir='ltr'>argutis</span> <span class='ocrx_word' id='word_1_172' title='bbox 497 2560 504 2584; x_wconf 91' lang='lat'><strong><em>‚</em></strong></span> <span class='ocrx_word' id='word_1_173' title='bbox 518 2527 573 2573; x_wconf 85' lang='lat' dir='ltr'>situ</span> <span class='ocrx_word' id='word_1_174' title='bbox 585 2540 705 2589; x_wconf 80' lang='lat' dir='ltr'>paterere,</span> <span class='ocrx_word' id='word_1_175' title='bbox 719 2525 806 2574; x_wconf 76' lang='lat' dir='ltr'>libellis</span> 
     </span>
     <span class='ocr_line' id='line_1_26' title="bbox 285 2601 778 2671; baseline 0.002 -20"><span class='ocrx_word' id='word_1_176' title='bbox 285 2603 388 2652; x_wconf 86' lang='lat' dir='ltr'>Poneret</span> <span class='ocrx_word' id='word_1_177' title='bbox 400 2605 426 2651; x_wconf 91' lang='lat' dir='ltr'>in</span> <span class='ocrx_word' id='word_1_178' title='bbox 436 2602 514 2652; x_wconf 82' lang='lat' dir='ltr'>&#39;multa</span> <span class='ocrx_word' id='word_1_179' title='bbox 525 2602 577 2671; x_wconf 82' lang='lat' dir='ltr'>luce</span> <span class='ocrx_word' id='word_1_180' title='bbox 587 2601 690 2653; x_wconf 82' lang='lat' dir='ltr'>videnda</span> <span class='ocrx_word' id='word_1_181' title='bbox 702 2604 778 2653; x_wconf 84' lang='lat' dir='ltr'>labor.</span> 
     </span>
     <span class='ocr_line' id='line_1_27' title="bbox 198 2676 965 2750; baseline 0.017 -27"><span class='ocrx_word' id='word_1_182' title='bbox 198 2676 232 2738; x_wconf 81' lang='lat'>&#39;25</span> <span class='ocrx_word' id='word_1_183' title='bbox 253 2682 281 2729; x_wconf 87' lang='lat' dir='ltr'>Se</span> <span class='ocrx_word' id='word_1_184' title='bbox 291 2696 388 2746; x_wconf 89' lang='lat' dir='ltr'>quoque</span> <span class='ocrx_word' id='word_1_185' title='bbox 397 2695 477 2741; x_wconf 83' lang='lat' dir='ltr'>nuuc,</span> <span class='ocrx_word' id='word_1_186' title='bbox 492 2684 601 2747; x_wconf 84' lang='lat' dir='ltr'>quamvis</span> <span class='ocrx_word' id='word_1_187' title='bbox 613 2679 711 2747; x_wconf 84' lang='lat' dir='ltr'>estjuffa</span> <span class='ocrx_word' id='word_1_188' title='bbox 722 2684 856 2747; x_wconf 70' lang='lat' dir='ltr'>quiescere,</span> <span class='ocrx_word' id='word_1_189' title='bbox 869 2688 965 2750; x_wconf 82' lang='lat' dir='ltr'>quinte</span> 
     </span>
     <span class='ocr_line' id='line_1_28' title="bbox 284 2757 819 2820; baseline 0.006 -14"><span class='ocrx_word' id='word_1_190' title='bbox 284 2757 402 2807; x_wconf 85' lang='lat' dir='ltr'>Nominet</span> <span class='ocrx_word' id='word_1_191' title='bbox 410 2761 531 2820; x_wconf 80' lang='lat' dir='ltr'>invitum,</span> <span class='ocrx_word' id='word_1_192' title='bbox 549 2762 589 2810; x_wconf 85' lang='lat' dir='ltr'>vix</span> <span class='ocrx_word' id='word_1_193' title='bbox 600 2775 654 2808; x_wconf 84' lang='lat' dir='ltr'>mea</span> <span class='ocrx_word' id='word_1_194' title='bbox 666 2759 736 2808; x_wconf 83' lang='lat' dir='ltr'>Musa</span> <span class='ocrx_word' id='word_1_195' title='bbox 747 2774 819 2809; x_wconf 85' lang='lat' dir='ltr'>tenet.</span> 
     </span>
     <span class='ocr_line' id='line_1_29' title="bbox 250 2824 871 2902; baseline 0.006 -17"><span class='ocrx_word' id='word_1_196' title='bbox 250 2836 332 2902; x_wconf 86' lang='lat' dir='ltr'>thue</span> <span class='ocrx_word' id='word_1_197' title='bbox 345 2851 446 2896; x_wconf 86' lang='lat' dir='ltr'>canem,</span> <span class='ocrx_word' id='word_1_198' title='bbox 462 2836 552 2902; x_wconf 73' lang='lat' dir='ltr'>pavide</span> <span class='ocrx_word' id='word_1_199' title='bbox 563 2824 659 2886; x_wconf 70' lang='lat' dir='ltr'>nulium</span> <span class='ocrx_word' id='word_1_200' title='bbox 669 2836 766 2901; x_wconf 78' lang='lat' dir='ltr'>vestigia</span> <span class='ocrx_word' id='word_1_201' title='bbox 781 2838 871 2899; x_wconf 77' lang='lat' dir='ltr'>cervae‘,</span> 
     </span>
     <span class='ocr_line' id='line_1_30' title="bbox 282 2912 821 2982; baseline 0 -19"><span class='ocrx_word' id='word_1_202' title='bbox 282 2915 420 2964; x_wconf 65' lang='lat' dir='ltr'>Ludentem</span> <span class='ocrx_word' id='word_1_203' title='bbox 431 2913 514 2963; x_wconf 86' lang='lat' dir='ltr'>frustra</span> <span class='ocrx_word' id='word_1_204' title='bbox 524 2914 612 2980; x_wconf 78' lang='lat' dir='ltr'>copula</span> <span class='ocrx_word' id='word_1_205' title='bbox 620 2912 678 2974; x_wconf 82' lang='lat' dir='ltr'>dura</span> <span class='ocrx_word' id='word_1_206' title='bbox 690 2928 754 2963; x_wconf 85' lang='lat' dir='ltr'>tenet</span> <span class='ocrx_word' id='word_1_207' title='bbox 763 2933 774 2982; x_wconf 75' lang='grc' dir='ltr'>εΙ</span> <span class='ocrx_word' id='word_1_208' title='bbox 792 2967 794 2970; x_wconf 65' lang='grc'><strong>,</strong></span> <span class='ocrx_word' id='word_1_209' title='bbox 819 2947 821 2953; x_wconf 89' lang='grc'><strong>-</strong></span> 
     </span>
     <span class='ocr_line' id='line_1_31' title="bbox 249 2989 802 3058; baseline 0 -17"><span class='ocrx_word' id='word_1_210' title='bbox 249 2993 331 3058; x_wconf 83' lang='lat' dir='ltr'>thue</span> <span class='ocrx_word' id='word_1_211' title='bbox 341 2992 403 3041; x_wconf 84' lang='lat' dir='ltr'>foret</span> <span class='ocrx_word' id='word_1_212' title='bbox 414 2989 627 3043; x_wconf 84' lang='lat' dir='ltr'>nondumreserati</span> <span class='ocrx_word' id='word_1_213' title='bbox 639 2994 736 3041; x_wconf 81' lang='lat' dir='ltr'>carceris</span> <span class='ocrx_word' id='word_1_214' title='bbox 749 3008 802 3041; x_wconf 82' lang='lat' dir='ltr'>acer</span> 
     </span>
     <span class='ocr_line' id='line_1_32' title="bbox 186 3068 940 3141; baseline -0.007 -17"><span class='ocrx_word' id='word_1_215' title='bbox 186 3078 233 3125; x_wconf 75' lang='lat'>&#39;⁵0</span> <span class='ocrx_word' id='word_1_216' title='bbox 281 3070 353 3122; x_wconf 85' lang='lat' dir='ltr'>Nunc</span> <span class='ocrx_word' id='word_1_217' title='bbox 362 3068 423 3137; x_wconf 80' lang='lat' dir='ltr'>pede</span> <span class='ocrx_word' id='word_1_218' title='bbox 438 3071 578 3141; x_wconf 29' lang='lat' dir='ltr'>,fluuncipri</span> <span class='ocrx_word' id='word_1_219' title='bbox 590 3069 669 3119; x_wconf 88' lang='lat' dir='ltr'>fronte</span> <span class='ocrx_word' id='word_1_220' title='bbox 676 3104 685 3132; x_wconf 90' lang='lat'><em>,</em></span> <span class='ocrx_word' id='word_1_221' title='bbox 697 3068 789 3120; x_wconf 79' lang='lat' dir='ltr'>lacessit</span> <span class='ocrx_word' id='word_1_222' title='bbox 797 3087 869 3139; x_wconf 86' lang='lat' dir='ltr'>equus</span> <span class='ocrx_word' id='word_1_223' title='bbox 878 3070 901 3129; x_wconf 73' lang='lat'>3&#39;</span> <span class='ocrx_word' id='word_1_224' title='bbox 938 3126 940 3136; x_wconf 41' lang='grc' dir='ltr'>Ι</span> 
     </span>
    </p>
   </div>
   <div class='ocr_carea' id='block_1_3' title="bbox 0 0 1168 3959">
    <p class='ocr_par' dir='ltr' id='par_1_3' title="bbox 0 0 1168 3959">
     <span class='ocr_line' id='line_1_33' title="bbox 0 0 1168 3959; baseline 0 0"><span class='ocrx_word' id='word_1_225' title='bbox 0 0 1168 3959; x_wconf 95' lang='lat' dir='ltr'> </span> 
     </span>
    </p>
   </div>
  </div>
 </body>
</html>
