2325 3959
293 400 336 445 20
410 370 453 445 P.
489 378 646 445 ouum
672 376 867 443 Nasonis

245 507 289 553 150
322 498 370 558 Qui
380 496 464 547 melius
475 512 516 561 per
527 511 568 545 ver
578 492 727 560 incipiendus
735 496 802 544 erati

290 577 383 625 Omnia'
390 591 446 624 tunc
456 573 543 623 florent
554 592 561 622 a
572 588 630 623 tuuc
640 572 673 621 eii
682 588 746 622 nova
756 574 871 638 temporit
877 584 955 621 etate

322 652 353 701 Et
363 668 425 703 nora
436 651 466 701 de
475 649 573 716 gravido
584 650 684 715 palmite
690 665 787 715 gemma
797 663 884 701 temet.

289 728 321 777 Et
336 728 412 779 modo
422 729 531 779 formatis
544 731 656 778 amicitur
661 728 754 777 ritibus
763 730 847 788 arboe,

263 864 266 867 Α
322 805 439 857 Prodit&
449 810 474 856 in
485 808 606 856 summum
617 807 712 855 seminia
719 806 792 855 herba
798 806 891 855 solunte

245 882 320 942 ¹55Et
331 883 438 950 tepidum
451 884 559 936 volucres
569 883 724 933 conteutibue
733 888 787 934 ae‘ta
796 883 925 944 mulcent,

321 960 463 1011 Ludit&iu
475 965 563 1028 pratia,
581 961 747 1027 luxuriatque,
766 976 845 1025 pecua.
915 1005 919 1016 ,

290 1038 356 1087 Tum
367 1038 449 1089 blandi
460 1039 535 1097 solee;
552 1042 682 1105 ignotaque
693 1037 775 1103 prodit
784 1038 908 1100 hirundo,

320 1116 352 1167 Et
362 1116 454 1166 luteum
466 1117 530 1167 celei
540 1118 583 1166 sub
593 1119 660 1167 trabe
671 1116 742 1182 fingit
755 1132 824 1182 opus.

289 1192 354 1243 Tum
365 1197 454 1259 patitur
464 1194 542 1244 cultui
554 1210 626 1260 ager,
638 1198 663 1244 ie
674 1208 802 1244 renovatur
814 1207 903 1243 atatro.

245 1274 290 1315 160
322 1264 380 1321 Haec
395 1273 450 1321 anni
462 1274 555 1321 notitae
567 1276 619 1337 jure
628 1269 737 1323 vocanda
749 1271 804 1321 fuit.

290 1344 433 1407 Quasieram
444 1346 527 1395 muieit
538 1362 605 1395 :non
611 1347 694 1397 multia
700 1346 742 1395 iile
751 1358 877 1406 motetus,

322 1423 436 1473 Contulit
446 1427 471 1472 in
481 1426 559 1473 versut
574 1426 608 1473 ric
617 1425 659 1473 sua
666 1424 740 1473 verba
748 1422 818 1473 duee.

290 1500 377 1550 Bruma
388 1504 445 1551 novi
456 1504 533 1566 prima
543 1501 592 1555 est,
605 1504 738 1566 veterisque
748 1502 877 1551 noiiatima
886 1499 947 1551 Solis
958 1518 968 1551 e

259 1584 261 1587 '
323 1578 467 1643 Principium
477 1580 575 1643 capiunt
585 1579 688 1627 Phoebus
700 1582 726 1627 it
737 1594 811 1629 annm
818 1576 893 1630 idem.

209 1660 214 1671 '
245 1656 286 1708 ¹⁶5
292 1655 345 1704 Post
355 1672 381 1704 ea
393 1658 494 1703 mirabar
504 1690 513 1714 ,
525 1670 567 1703 cur
577 1672 628 1703 non
638 1658 689 1705 eine
698 1655 780 1705 litium
790 1652 848 1705 cffet

322 1734 401 1782 Prima
415 1731 474 1782 dies.
486 1732 590 1784 Causam
601 1721 709 1797 percipe,
720 1733 790 1782 Janua
798 1737 842 1785 ait.

294 1810 414 1874 Tempora
425 1810 537 1859 commiti
550 1812 669 1861 nascentia
679 1812 748 1861 rebus
759 1808 873 1875 agendiat

321 1888 399 1937 Totus
410 1888 439 1935 ab
449 1890 553 1952 auspicio
562 1904 593 1939 ne
602 1888 665 1937 foret
675 1904 749 1937 annue
760 1892 831 1939 iners.

290 1965 396 2032 Quisque
407 1968 524 2016 stratartet
532 1968 564 2015 ob
573 1965 640 2016 idem
650 1967 741 2017 delibat
748 1965 856 2031 agendot

244 2054 290 2101 ¹70
322 2043 373 2091 Nec
383 2043 435 2108 plue
446 2042 520 2109 quim
530 2044 629 2093 solitum
636 2043 774 2093 testificatur
781 2060 850 2108 opus.

289 2120 350 2169 Mox
360 2136 418 2185 egoa
430 2120 482 2171 Cur
492 2155 500 2179 ‚
518 2124 627 2186 quamvis
637 2122 740 2171 aliorum
747 2124 848 2171 numina
857 2120 969 2186 placem,

320 2197 397 2256 iane,
413 2198 457 2246 tibi
467 2201 546 2261 primo
559 2213 612 2247 tura
622 2215 762 2265 merumque
777 2199 848 2249 fero?

289 2272 325 2323 Ut
337 2292 378 2339 prr
388 2292 427 2323 me
437 2278 511 2339 poesis
522 2274 633 2333 aditum,
647 2280 689 2341 qui
700 2277 784 2327 limina
795 2279 861 2326 servo
871 2310 895 2341 ,¹

243 2345 245 2353 ’
322 2351 360 2401 Ad
375 2354 539 2418 quoscumque
548 2354 621 2401 velim
631 2356 741 2418 prorsus,
753 2356 840 2403 habete
848 2353 923 2403 Deua·

244 2428 286 2475 ¹75
291 2428 322 2477 At
331 2446 372 2477 cur
382 2430 435 2478 lata
446 2433 491 2479 tuis
506 2429 617 2480 dicuntur
625 2433 696 2481 verba
706 2430 814 2482 telendit
824 2439 834 2483 ἓ

317 2506 353 2556 'Et
363 2506 447 2555 damus
455 2508 572 2565 alternat,
584 2511 774 2573 accipimusque,
783 2524 864 2574 precra
874 2515 883 2561 i

290 2583 354 2633 Tum
366 2583 431 2631 Deus
439 2586 577 2633 incumbent
588 2585 690 2639 baculo,
702 2601 775 2650 quem
784 2583 866 2635 dextra
877 2587 998 2651 gerebat5

321 2661 410 2709 Omina
417 2664 553 2726 principiis,
564 2664 657 2727 inquit,
667 2659 741 2712 incise
751 2662 838 2713 solent.

290 2736 327 2787 Ad
337 2741 438 2802 primam
451 2756 536 2789 vocem
549 2738 645 2789 timidae
656 2738 778 2790 advertitis
789 2757 871 2801 auctet

242 2809 287 2857 180
321 2815 431 2864 Etvisam
443 2817 546 2881 primum
554 2818 660 2868 consulit
670 2833 745 2881 augur
755 2835 834 2868 avem.

288 2892 390 2955 Templa
396 2908 478 2957 patent
485 2908 598 2960 auresque
607 2892 688 2943 Deim
695 2913 702 2942 ε
710 2911 754 2945 nec
762 2895 843 2960 lingui
854 2895 958 2951 caducae

322 2968 437 3033 Concipit
447 2970 494 3019 ullu
505 2987 604 3037 preces,
619 2970 728 3037 dietaque
738 2972 832 3037 pondus
844 2975 942 3027 habem.

289 3046 395 3099 Desierat
403 3051 483 3115 paucis
495 3066 555 3101 :nee
562 3050 637 3117 longa
646 3050 741 3103 silentia
750 3050 797 3103 feci
807 3068 818 3111 3
