2325 3959
318 428 618 511 Fnsron'un
645 425 742 493 Lr'n.
767 426 837 492 III.
890 430 929 493 δι

219 538 290 594 Talia
308 544 412 601 dicenti.
423 546 500 614 neque
511 550 575 597 enim
588 549 638 613 spes
647 548 723 597 altera
732 546 820 608 restat,
937 554 982 606 ⁶25

253 621 381 685 Credidit,
394 644 483 675 errores
494 629 648 692 exposuitque
660 629 723 677 snos.
799 630 807 645 '

219 698 302 766 thue
321 700 421 753 domum
435 707 534 753 intravit
541 738 550 765 ,
562 706 649 767 Tyrios
659 703 743 755 indura
753 717 863 770 paratus,

252 778 340 844 Incipit
351 780 436 830 AEneat
449 816 458 841 ,
475 780 571 849 (cetera
583 784 652 832 turba
663 784 745 851 silet.)

217 851 289 906 Hanc
308 858 352 907 tibi
363 875 405 907 cur
415 856 507 909 tradam
518 894 526 919 ,
537 863 576 925 pia
587 863 655 910 causa
667 896 675 921 ,
687 862 785 913 Lavinia
797 868 899 930 conjux,

253 932 294 981 Est
306 938 366 985 mihi
378 940 516 989 :consumti
526 938 655 1005 naufragus
661 942 733 1005 hujus
743 958 808 1007 opes.
935 950 983 998 ‘30

217 1008 279 1060 Orte
291 1013 357 1075 Tyro
362 1032 483 1080 ,rregnum
494 1017 586 1079 Libyci
596 1016 702 1082 possedit
711 1021 737 1067 iu
743 1036 802 1079 ora3
826 1052 829 1060 ι

251 1089 329 1151 Quam
340 1110 424 1157 precor
436 1110 463 1144 ut
473 1112 532 1149 carae
543 1113 610 1145 more
617 1098 704 1146 sororis
715 1114 788 1147 ames.

215 1166 306 1219 onnia
316 1176 454 1236 promittit,
466 1174 601 1241 falsumque
610 1176 709 1225 Lavinia
717 1176 804 1227 vulnus

251 1247 332 1297 Mente
345 1256 435 1315 premit
441 1252 514 1301 taciti
526 1286 534 1313 ,
546 1252 728 1320 dissimulatque
735 1255 849 1305 fremens.

216 1322 336 1392 Donaque
347 1328 403 1380 etim
412 1328 493 1379 videar
502 1348 587 1395 praeter
597 1334 638 1381 sua
647 1332 739 1381 lumina
750 1333 808 1382 ferri
887 1364 890 1370 ·
925 1332 978 1404 '⁶35

250 1403 331 1453 Multa
348 1407 443 1470 palam,
454 1412 521 1457 mitti
530 1408 595 1457 clam
605 1424 702 1475 quoque
713 1409 791 1458 multa
801 1424 880 1473 putat.

216 1476 275 1527 Non
285 1495 365 1532 tamen
376 1487 497 1545 exustum,
510 1484 570 1551 quid
580 1502 643 1551 egat.
654 1487 780 1543 furialiter
789 1484 844 1536 odit
854 1521 864 1542 ,

172 1594 174 1598 .
249 1558 281 1607 Et
291 1575 357 1624 parat
367 1561 480 1622 insidias,
494 1566 518 1612 &
530 1564 734 1629 cupitultamori.

216 1632 273 1683 Nox
289 1653 339 1687 erat
350 1658 356 1686 t
369 1654 424 1689 ante
436 1656 516 1691 toturn
524 1641 709 1693 visaestadllere
721 1645 825 1705 sororis,

248 1712 386 1779 squalenti,
405 1714 492 1776 Dido,
508 1718 690 1781 sanguinolenta
700 1719 781 1769 tomi.
930 1723 980 1773 ⁶40

213 1789 246 1839 Et
258 1824 266 1849 ‚
284 1791 364 1855 Fuge,
375 1810 405 1841 ne
415 1792 508 1849 dubita.
522 1796 630 1850 mustum
640 1797 713 1862 fuge,
724 1796 819 1861 dicere,
828 1799 926 1847 tellum.

246 1869 294 1915 Sub
304 1870 403 1918 verbum
414 1872 523 1937 querulas
533 1874 631 1938 impulit
641 1892 697 1925 aura
707 1875 780 1925 foret.

210 1944 316 2003 futtilitt
327 1950 351 1995 ot
362 1948 433 1997 velox
444 1952 530 2000 humili
541 1953 609 2017 super
619 1970 675 2005 arva
685 1953 785 2003 fenestre

247 2024 276 2071 Se
287 2026 344 2087 jacit
354 2042 360 2071 t
372 2023 486 2075 audacem
497 2028 586 2078 fecerat
595 2033 644 2095 ipse
656 2034 738 2080 timor.
840 2065 842 2068 -

215 2098 319 2166 Quique
338 2117 405 2151 metu
421 2109 529 2169 rapitur,
549 2108 630 2156 tunicd
639 2108 718 2157 velata
728 2110 847 2171 retiutll,
930 2113 987 2170 ⁶45,

247 2176 351 2239 Currit,
367 2195 394 2229 ut
408 2180 494 2232 auditis
506 2188 587 2233 territa
596 2183 667 2235 dama
678 2186 749 2250 lupis.

213 2252 333 2321 Corniger
344 2259 404 2309 hanc
414 2260 506 2325 cupidis
517 2261 755 2327 rapuiffeNumiciue
763 2264 834 2317 undis

244 2332 373 2397 Creditur,
389 2340 414 2387 &
430 2339 515 2404 stagnis
525 2340 656 2391 occuluilse
666 2345 722 2394 suis.

212 2408 306 2461 Sidonis
314 2416 404 2467 interea
414 2434 503 2483 magno
513 2419 619 2472 clamore
630 2440 672 2488 per
681 2439 753 2488 agros

244 2490 378 2551 Queriture
391 2512 504 2561 apparent
515 2501 581 2563 signa
591 2516 703 2567 uotaque
711 2500 811 2567 pedum.
928 2502 956 2554 65
961 2508 977 2541 0

212 2566 318 2619 Ventum
331 2586 381 2623 erat
391 2572 423 2623 ad
433 2577 495 2639 ripas
505 2580 615 2629 :inerant
625 2580 722 2646 vestigia
731 2584 798 2645 ripis.

244 2646 358 2699 Sustinuit
368 2653 449 2703 tacitas
459 2655 568 2703 conscius
578 2660 655 2708 amnis
665 2647 746 2723 aquaess

213 2720 265 2788 ipsa
281 2723 349 2789 loqui
361 2729 410 2779 visa
421 2729 452 2779 est
464 2764 472 2789 ,
489 2731 580 2782 Placidi
588 2736 641 2783 sum
652 2736 766 2802 Nympha
777 2738 894 2801 Numici·²

243 2801 320 2849 Amne
331 2819 431 2867 perenne
442 2806 516 2857 latens
530 2810 597 2862 Anna
608 2812 713 2865 Perenna
722 2832 806 2867 vocor.

75 2869 78 2876 ’
140 2908 144 2915 -
213 2876 324 2929 Protinus
342 2886 423 2931 erraris
438 2884 750 2957 laetivescuntutinegrist
923 2908 971 2959 655

244 2956 275 3006 Et
286 2958 407 3009 celebrant
418 2962 484 3027 large
495 2966 565 3031 seque
579 2966 692 3035 diemque
702 2988 779 3023 meto.
790 3006 793 3012 ·

212 3034 441 3101 SUNTquibtrtnaec
448 3040 628 3111 Lunaesi,quia
635 3052 754 3099 mensibus
761 3052 973 3120 impleatanoum3

243 3113 299 3163 Pare
311 3116 433 3176 Themin,
444 3119 568 3179 inachum
577 3140 632 3191 pete
641 3142 713 3193 putet
721 3127 768 3181 effe
779 3132 878 3184 bovem.

262 3208 265 3219 ·
773 3208 799 3259 D
814 3228 830 3259 t
