2325 3959
243 426 246 432 ·
323 415 389 482 14²
464 392 506 460 P.
536 391 692 459 Ovrurr
715 392 913 460 Naroma

351 511 522 581 Nequidquam
530 513 857 580 mnititsaepepetitaprbeia.

318 592 382 642 Rura
395 595 476 659 sequi,
488 593 621 659 jaculisque
634 592 695 641 serat
705 595 793 657 agitare
803 592 911 650 solebat3

271 691 317 724 rto
348 669 505 738 Nodosarque
515 670 573 721 eati
584 668 681 720 tendere
689 670 750 720 rasse
762 670 852 735 piagar.

316 747 375 799 Non
383 750 467 799 babuit
477 751 630 815 pharetram,
642 748 726 798 Phtrbi
737 762 818 797 tamen
831 746 878 798 eise
892 751 1014 801 sororem

312 843 316 848 ·
346 824 497 878 Credebantt
506 843 550 877 uec
561 840 631 887 erat,
648 827 753 887 Phoebe,
767 825 880 892 pudenda
892 829 952 877 tibi.

313 904 378 956 Huic
388 904 472 972 riiquit
482 909 596 971 juvenum
604 902 699 955 dixisset
709 908 813 955 mantia
822 907 894 956 rerba
903 941 913 966 ,

345 981 469 1034 Reddebat
479 984 538 1033 talea
551 986 659 1049 protinus
667 983 709 1033 illa
720 986 799 1033 sonus.

265 1072 309 1125 1r5
314 1060 370 1110 Hac
379 1061 432 1110 loca
442 1060 500 1111 lucit
510 1063 601 1111 habent
611 1064 698 1121 nimis,
711 1066 735 1111 dr
743 1076 798 1111 cum
809 1060 861 1111 luce
869 1060 988 1126 pudoris.

343 1140 368 1188 si
379 1140 466 1187 secreta
474 1141 550 1203 magis
561 1136 628 1187 ducit
639 1140 664 1187 in
675 1152 742 1187 antra
753 1170 762 1197 a
774 1139 868 1203 sequor.

310 1215 430 1267 Credulur
440 1232 507 1267 antra
517 1217 579 1265 subit
590 1235 597 1265 t
609 1215 705 1265 fruticet
715 1218 765 1265 htec
775 1217 842 1265 nasia
850 1216 937 1266 resistit
950 1236 961 1277 3

341 1294 373 1345 Et
390 1294 461 1354 latet,
474 1299 498 1344 dr
510 1293 580 1343 nullo
587 1294 620 1343 eii
630 1291 772 1343 invenienda
782 1291 867 1342 niodo.

307 1372 409 1423 Viderat
424 1376 485 1423 hanc
494 1372 580 1430 Janur3
594 1372 697 1437 visaque
707 1368 821 1436 cupidine
832 1384 917 1435 captur

260 1476 270 1508 ι
276 1477 306 1511 20
337 1449 377 1500 Ad
393 1450 478 1501 duram
490 1451 568 1501 verbis
580 1448 695 1499 mollibus
706 1451 760 1498 usus
771 1450 841 1499 erat-²

305 1528 419 1603 Nympha
432 1530 500 1594 jubet
510 1530 584 1595 queri
594 1525 625 1576 de
635 1542 702 1577 more
710 1531 825 1577 remotius
834 1540 931 1577 antrum
943 1546 954 1587 3

335 1606 416 1673 thue
427 1623 507 1657 comer
518 1608 623 1673 sequitur
631 1642 641 1661 ,
658 1604 811 1672 destituitque
821 1604 918 1655 ducem.

301 1684 397 1739 Stulta,
409 1682 477 1734 videt
491 1686 562 1733 Janur
576 1700 630 1751 quae
641 1685 693 1749 post
703 1686 744 1735 sua
754 1700 818 1749 terga
826 1700 949 1750 gerantur.

333 1761 376 1811 Nil
393 1765 442 1827 agit
451 1778 482 1811 en
493 1761 609 1812 :latebrat
619 1764 714 1827 respicit
724 1762 766 1811 ille
778 1778 838 1811 tuas.

255 1838 344 1898 125Nil
355 1842 404 1904 agis
416 1857 463 1899 eu,
480 1838 530 1889 dixi
541 1858 547 1888 ι
560 1858 617 1890 nam
632 1855 655 1889 te
666 1841 709 1889 sub
719 1856 777 1905 rupe
785 1840 900 1891 latentem

332 1916 440 1982 Occupat
447 1917 557 1983 amplexu
569 1936 577 1978 3
590 1920 676 1984 speque
686 1922 792 1983 potitus,
805 1922 856 1978 ait3

299 1995 337 2045 sus
347 2013 392 2062 pro
402 1998 531 2046 concubitu
543 1997 623 2045 nostro
635 1997 678 2046 tibi
690 1996 791 2046 cardinis
802 1996 860 2045 esto.

328 2074 382 2123 Hoc
393 2076 495 2139 pretium
506 2075 589 2137 poritae
599 2074 743 2138 virginitatit
751 2074 821 2125 habe.
934 2128 936 2132 ¹

265 2215 267 2220 Α
295 2152 334 2201 Sic
350 2151 412 2201 satus
424 2186 432 2211 ,
447 2153 556 2215 spinam,
571 2149 619 2216 qui
630 2150 704 2199 tristes
715 2151 803 2215 pellere
813 2148 891 2216 posset

248 2245 295 2292 ¹3⁰
322 2229 445 2279 rioribus
458 2244 546 2288 noxas,
559 2230 609 2277 haec
621 2241 671 2278 erat
680 2228 748 2289 alba,
766 2227 842 2278 dedit.

293 2309 353 2358 Sunt
363 2306 438 2357 avida
444 2306 552 2355 volueret
564 2324 570 2354 :
581 2322 632 2355 uon
642 2322 695 2372 quae
705 2306 803 2355 Phineia
812 2310 899 2356 meruit

325 2386 428 2435 Guttura
446 2382 588 2433 fraudabant
599 2402 606 2442 3
619 2382 659 2433 sed
669 2400 741 2449 genus
753 2384 809 2434 inde
820 2388 928 2435 trahunt.

290 2452 387 2512 Grande
398 2477 469 2527 caput
482 2480 488 2509 ε
500 2461 585 2511 stanter
595 2460 660 2511 oculi
673 2481 679 2510 r
691 2462 763 2512 rostra
773 2478 828 2529 apta
837 2467 926 2529 rapinae
938 2485 945 2515 ε

322 2540 430 2593 Canities
436 2542 519 2606 pennis
529 2574 538 2600 ‚
549 2540 667 2605 unguibus
678 2542 761 2590 hamur
771 2542 838 2591 inest.

243 2620 365 2678 ¹35Noiie
374 2619 474 2677 volant,
490 2633 622 2683 puerosque
632 2632 717 2683 petunt
726 2622 825 2668 nutricis
833 2635 944 2684 egentes3

319 2698 351 2747 Et
364 2699 450 2747 vitiant
460 2698 526 2744 cunis
540 2711 641 2760 corpora
648 2710 715 2760 rapta
724 2696 780 2745 suis.

285 2775 391 2841 Carpere
405 2772 517 2824 dicuntur
533 2773 642 2823 salientia
655 2774 743 2822 viscera
754 2774 851 2831 rostris,

317 2853 350 2902 Et
367 2851 464 2917 plenum
482 2866 541 2915 potu
551 2852 664 2915 sauguine
674 2866 756 2916 guttur
767 2854 864 2901 habent.

283 2931 324 2982 Est
333 2930 382 2980 illia
396 2929 504 2994 strigibus
513 2945 616 2978 nomen:
626 2927 667 2979 sed
677 2933 782 2980 nominis
791 2934 861 2994 hujus

237 3012 283 3060 Ι4ο
316 3008 412 3067 Causa,
425 3004 492 3072 qubd
502 3005 622 3057 horrendi
633 3006 727 3058 stridere
738 3011 806 3057 troile
817 3009 904 3057 solent.

282 3090 336 3138 Sive
347 3088 419 3152 igitur
427 3086 556 3136 nascuntur
565 3101 620 3138 aver
631 3119 640 3148 ,
654 3088 813 3137 seucarmine
824 3084 886 3137 fiunt
893 3120 903 3147 ,
