2325 3959
315 388 385 471 ²84
456 386 498 453 P.
527 388 681 455 Ονιιιιι
699 390 893 457 NAsouts

267 510 297 556 4⁰
347 505 439 555 Nititur
447 510 473 557 in
484 507 553 557 silvae
567 508 611 558 illa
621 506 698 559 redite
707 510 767 559 suas.

311 580 420 633 Affuetot
437 589 497 634 tauri
508 583 594 645 saltur,
609 584 697 637 assueta
713 586 812 645 leones,

344 660 395 709 Nec
411 662 491 724 feritas
501 664 557 712 illos
565 661 683 728 impedit,
694 678 761 713 antra
771 676 866 728 petunt.

253 776 256 781 .
310 736 349 785 Tu
360 753 441 789 tamen
450 741 526 790 exsilii
535 743 628 791 morsus
643 758 655 789 e
666 744 759 806 peilore
774 741 856 790 nostro

342 812 463 863 fomentis
475 818 550 879 sperat
558 814 640 865 cedere
648 812 714 879 poffe
726 818 781 865 tuis.

259 898 289 947 45
310 887 403 952 Effice,
422 888 873 956 vosipsincttmmihititisamaudi,
973 941 977 945 .

342 967 441 1018 Talibus
452 986 478 1019 ut
486 970 560 1019 letius
571 973 601 1019 sit
609 968 707 1019 catuiss'e
718 970 819 1019 malum.

229 1036 231 1040 ¹
309 1048 354 1103 tlt,
371 1061 450 1109 puto,
468 1046 516 1111 qui
527 1048 619 1096 fueram
630 1051 742 1111 genitus,
757 1046 841 1097 tellure
852 1047 947 1097 carenti
955 1080 968 1101 ,
1007 1100 1010 1103 Α

341 1123 368 1170 ln
378 1138 458 1171 tamen
470 1124 575 1172 humano
590 1126 691 1187 contigit
703 1120 748 1171 elle
760 1123 825 1173 loco.

309 1199 379 1249 Orbis
390 1202 415 1249 in
426 1204 524 1249 extremi
534 1206 602 1266 jaceo
613 1200 716 1251 desertus
728 1204 803 1249 arenis
814 1234 822 1259 ‚

258 1279 290 1325 l‘
340 1277 394 1326 Fert
405 1278 446 1326 ubi
457 1293 579 1342 perpetuas
592 1280 678 1327 obruta
691 1292 752 1327 tetra
768 1281 842 1327 nivet.

309 1353 365 1402 Nou
378 1370 433 1420 ager
443 1354 483 1403 hie
494 1372 614 1420 potuum,
630 1371 679 1407 nou
694 1352 775 1405 dulces
788 1352 874 1405 educat
890 1370 967 1405 uvare

339 1430 396 1479 Non
411 1432 493 1482 silicet
503 1432 572 1497 sipi,
583 1434 671 1483 robora
685 1448 768 1483 moute
779 1435 866 1483 virent.

266 1498 270 1506 ’
306 1508 372 1557 Neve
387 1509 477 1559 fretum
494 1509 557 1560 terri
567 1508 648 1559 laudes
662 1512 755 1574 tnagis,
770 1526 866 1574 aequora
879 1510 981 1575 semper

337 1583 471 1633 Ventorum
485 1584 550 1635 rabie
561 1619 569 1643 ‚
581 1584 671 1635 solibus
687 1585 759 1644 orba,
774 1597 875 1632 tument.

157 1671 162 1676 '
257 1664 267 1708 5
274 1661 284 1708 t
311 1660 463 1727 Quocumque
474 1662 589 1726 aspiciat,
605 1664 683 1725 compi
695 1660 787 1709 cultore
795 1676 899 1709 carentes
910 1694 920 1720 ,

337 1738 468 1803 Vastaque,
481 1754 534 1804 quae
544 1754 617 1801 nemo
629 1734 751 1792 vindicet,
771 1753 825 1787 arva
835 1740 928 1802 jacent.

303 1814 382 1863 Hostis
392 1813 456 1866 adest
466 1850 476 1875 ,
491 1813 574 1865 dextri
584 1816 691 1883 laevique
706 1832 719 1864 a
729 1830 794 1881 parte
807 1814 929 1865 timendus
935 1833 945 1875 3

293 1958 298 1963 -
335 1893 469 1958 vicinoque
484 1907 552 1943 metu
570 1908 641 1943 terret
651 1908 779 1959 utrumque
793 1892 863 1943 latus.

303 1970 382 2021 Altera
391 1972 505 2021 Bistonias
516 1982 568 2037 pat!
577 1972 611 2021 est
623 1974 717 2021 sensura
727 1967 816 2019 sariffas
826 2005 834 2030 ,

255 2053 286 2089 (ιθ
334 2046 563 2100 Altera'Sarmatici
579 2049 669 2115 spicula
687 2044 755 2097 milla
771 2064 852 2097 manu.

301 2126 401 2187 luunt,
419 2130 443 2175 ilc
455 2141 562 2175 veterum
574 2127 643 2175 nobis
655 2124 762 2189 exemplo
772 2127 880 2174 vitorum
892 2156 900 2184 ,

307 2234 311 2238 -
333 2205 381 2264 Qui
400 2204 457 2253 forti
471 2205 552 2253 casum
567 2218 647 2253 mente
662 2202 758 2262 tulere,
778 2202 849 2251 refer.

301 2281 330 2329 Et
341 2298 410 2344 grave
425 2283 572 2345 magnanimi
583 2280 656 2329 robur
672 2283 758 2329 mirate
770 2279 863 2334 Rutili,

331 2357 388 2408 Non
402 2363 437 2407 usi
455 2356 543 2407 reditis
556 2353 696 2407 conditione
708 2356 767 2407 dati.

251 2434 278 2486 ⁶5
299 2430 400 2496 Smyrna
417 2438 496 2485 vitum
513 2437 605 2493 tenuit,
625 2450 674 2483 non
684 2435 774 2483 Pontus
786 2438 810 2483 δι
819 2434 909 2484 hostico
923 2435 1018 2498 tellus;

331 2514 399 2562 Paette
416 2515 495 2561 minut
504 2511 573 2561 nullo
585 2512 686 2573 smyrna
696 2510 798 2577 petenda
809 2512 874 2561 loco.

298 2590 356 2639 Non
374 2588 453 2639 doluit
470 2589 546 2655 patrii
561 2588 667 2651 Cynicus
682 2589 765 2653 procul
776 2586 822 2639 effe
833 2591 970 2655 Sinopeust

330 2668 399 2732 Legit
411 2670 475 2716 enim
491 2664 571 2725 sedes,
592 2667 670 2715 Attica
685 2682 766 2726 tetta,
786 2681 845 2715 tuas.

298 2746 370 2793 Arma
386 2742 514 2793 Neoclides
530 2746 572 2809 qui
585 2743 675 2792 Persica
685 2742 797 2793 contudit
811 2746 903 2805 armis,

248 2829 280 2874 70
329 2821 441 2885 Argolici
452 2824 553 2885 primam
564 2822 635 2869 sentit
646 2822 672 2869 in
686 2821 742 2869 urbe
754 2820 845 2887 fugam.

296 2893 379 2951 Pulsus
389 2897 498 2947 Aristides
508 2899 600 2963 patrii,
617 2891 791 2947 Lacedaemona
806 2898 868 2961 fugit
878 2916 885 2946 t

328 2977 392 3026 ltttet
409 2993 467 3042 quas
485 2976 607 3036 dublum,
626 2992 679 3041 quae
697 2979 762 3041 prior
780 2972 857 3033 efftt,
874 2990 935 3027 etat.

297 3053 371 3109 Caede
381 3070 439 3123 puer
456 3054 519 3115 folii
528 3053 652 3106 Patroclus
663 3054 761 3121 Opunta
775 3052 884 3122 reliquit,
