2325 3959
86 520 88 581 ,

291 452 365 531 '374
422 443 466 515 P.
496 446 654 515 Ournrt
674 450 872 519 NAsourr

325 564 407 625 Qualis
420 570 484 617 euim
495 584 598 634 cumque
609 570 658 625 est,
668 586 718 620 non
729 570 787 621 latet
795 569 842 621 effe
852 586 947 620 meam.

289 638 341 707 lpse
351 660 446 710 quoque
458 662 484 695 ut
494 649 581 695 chartae
591 648 689 697 titulum
700 646 729 698 de
740 650 819 699 fronte
829 650 954 709 revellas,

222 760 225 766 .
322 720 395 780 Quod
405 726 434 771 tit
444 740 519 789 opus,
529 724 614 775 videor
624 725 704 776 dicere
713 724 796 792 polle,
808 743 893 777 tuum.

288 797 427 859 Quamlibet
436 803 461 850 in
471 803 552 853 multis
560 806 652 869 potitur
662 805 758 855 noscere
769 806 874 867 libellis,

241 901 270 937 10
319 879 409 946 Paque
419 882 553 933 observatas
563 886 684 933 inveniere
693 900 773 934 notas.

288 956 393 1009 Prodent
404 962 522 1009 audiorem
533 964 612 1022 viret,
627 978 686 1027 quas
696 961 800 1011 Hercule
808 960 896 1025 dignae

320 1036 455 1091 Novimus,
471 1053 542 1103 atque
552 1039 607 1098 illi,
619 1055 691 1105 quem
703 1042 783 1098 canit,
794 1038 841 1087 effe
850 1056 929 1105 paret,

286 1112 318 1163 Et
329 1130 381 1163 mer
392 1116 462 1163 Musa
470 1116 561 1179 potest,
574 1120 672 1181 proptio
682 1115 796 1181 deprensa
806 1115 905 1175 colore,

319 1193 419 1257 insignis
429 1196 492 1244 vitiis
504 1194 604 1245 forsitan
614 1192 660 1245 effe
671 1196 726 1243 suis.

241 1294 267 1347 ¹5
288 1271 348 1321 Tam
360 1273 424 1323 mala
434 1274 561 1322 Thersiten
569 1274 713 1337 prohibebat
721 1272 803 1322 forma
811 1272 900 1327 latere,

319 1348 400 1411 Quim
411 1352 511 1417 pulchri
520 1350 607 1400 Nitens
616 1349 799 1415 conspiciendus
807 1366 866 1418 erat,

286 1428 371 1479 Necte
383 1432 481 1490 mirari,
494 1432 513 1479 si
524 1434 571 1479 tint
580 1431 685 1490 vitiosa,
697 1427 793 1478 decebit

317 1507 451 1567 Carmina,
465 1525 518 1573 quae
530 1508 616 1557 faciam
628 1524 694 1572 paene
704 1512 776 1573 pnite
786 1507 869 1555 Getes.

284 1584 321 1634 Ah
334 1584 421 1649 pudet!
434 1588 557 1635 &Getico
569 1588 650 1649 scripsi
660 1586 769 1633 sermone
783 1583 893 1632 libellum
903 1598 914 1639 ς

238 1686 269 1721 20
317 1665 454 1729 Struiiaque
467 1668 520 1714 sunt
530 1665 614 1714 nostris
625 1666 724 1713 barbara
733 1665 807 1714 verba
816 1662 905 1712 modis.

284 1740 314 1789 Et
324 1739 419 1804 placui,
431 1758 524 1806 gratare
535 1744 610 1801 milri,
620 1746 731 1807 coepique
742 1746 819 1806 pnite

316 1820 380 1868 Inter
390 1824 535 1869 inhumanos
545 1836 635 1869 nornen
647 1822 733 1869 hebere
745 1820 826 1870 Getae.

283 1896 412 1947 Materiam
423 1902 525 1964 quaerisi
538 1896 619 1947 laudes
630 1897 660 1947 de
670 1897 764 1949 Casare
772 1896 831 1947 dixi.

315 1974 404 2041 Adjuta
414 1978 447 2025 eli
456 1980 551 2027 novitas
561 1980 659 2026 nomine
670 1978 749 2027 nostra
760 1975 817 2025 Dei.

235 2071 261 2118 25
281 2052 346 2102 Nam
356 2059 427 2119 patris
440 2056 537 2120 Augusti
549 2052 622 2104 docui
633 2054 736 2103 mortale
747 2052 818 2103 fuiil'e

314 2130 409 2196 Corpus
419 2150 427 2191 ς
438 2135 463 2181 in
474 2136 585 2181 aethereas
594 2148 684 2182 numen
694 2130 769 2181 abiise
778 2130 865 2181 domos
876 2148 885 2179 r

280 2204 334 2257 Effe
344 2225 424 2273 parem
436 2212 525 2260 virtute
534 2214 613 2275 patri,
624 2212 666 2277 qui
677 2210 743 2259 frena
753 2212 847 2259 cordus

312 2288 377 2351 Saepe
387 2289 487 2337 recusati
498 2290 587 2352 ceperit
596 2290 700 2353 imperii.

280 2360 333 2411 Effe
343 2364 483 2429 pudicarum
494 2366 635 2426 revellam,
651 2366 733 2423 Livia,
744 2378 867 2425 matrum,

233 2477 263 2522 ³⁰
280 2442 530 2583 eliliilli‘ss
541 2442 893 2585 ltijiriiliiifflt„

313 2597 361 2658 Qui
372 2596 481 2647 dederint
490 2600 564 2647 animi
578 2601 679 2663 pignora
690 2614 754 2648 certa
764 2601 809 2649 sui.

279 2675 336 2725 Haec
347 2678 387 2725 ubi
396 2693 446 2726 non
455 2676 533 2742 patrii
543 2675 633 2741 perlegi
645 2679 730 2743 scripta
741 2676 868 2739 Camerti,

310 2756 417 2805 Venit&
428 2757 458 2805 ad
469 2754 558 2821 digitos
570 2756 656 2804 ultima
667 2758 748 2804 charta
758 2772 840 2815 meos5

233 2856 258 2902 35
279 2832 309 2881 Et
319 2848 390 2899 caput
401 2836 425 2882 &
437 2833 518 2898 plenas
529 2848 613 2882 omnes
624 2832 720 2882 morire
731 2831 867 2897 pharetris,
880 2832 883 2838 '

311 2912 342 2961 Et
353 2912 452 2977 longum
466 2912 552 2961 Getico
563 2926 673 2961 mutmnr
683 2913 708 2959 in
721 2928 762 2960 ore
774 2910 829 2959 fuit.
844 2928 848 2939 ¹

276 2991 355 3055 Atque
366 2988 464 3055 aliquis,
477 2990 568 3039 Scribat
578 2991 629 3039 haec
640 2990 695 3038 crim
705 2986 735 3055 de
745 2987 840 3052 Celare
845 3024 855 3051 ,
865 2986 928 3039 dixit
938 3023 949 3053 ‚

309 3068 409 3118 Cesaris
419 3071 520 3132 imperio
529 3066 685 3119 restituendus
700 3078 759 3115 erar.

277 3144 320 3195 lile
331 3144 517 3213 quidem'dixit3
527 3144 569 3199 sed
578 3161 618 3199 me
626 3151 677 3215 jam
683 3156 695 3209 ,¹
704 3144 768 3198 Care
774 3178 783 3207 ,
794 3144 870 3195 nivali
