2325 3959
213 394 356 463 Emer.
374 411 431 461 nx
445 394 652 463 Pouroi.
668 396 734 466 IV.
789 420 852 486 353

128 510 206 573 Quid
218 515 296 569 facis?
313 518 342 565 ah
359 513 472 564 demens!
491 532 550 575 cur,
563 518 583 564 si
600 517 702 566 fortuna
713 516 823 577 recedat,

167 591 310 657 ‘Naufragio
325 592 440 655 lacrymas
458 594 527 657 eripis
543 594 592 656 ipse
610 596 672 641 tuo?
876 602 908 647 30

131 667 198 716 Haec
213 670 273 719 'Dea
295 686 344 719 uon
364 670 455 728 stabili,
472 670 546 736 quim
558 674 589 719 sit
599 672 656 720 levis
666 705 674 730 ‚
686 673 743 721 orbe
755 672 856 733 fatetur,

172 746 256 805 Quem
267 750 388 796 summum
399 746 473 797 dubio
486 750 528 796 sub
540 746 599 813 pede
608 750 697 813 semper
706 751 785 800 habet.

134 823 261 883 Quolibet
283 826 316 874 est
337 824 398 875 folio
411 850 427 885 ,¹
440 826 487 892 qui
505 829 541 874 vis
557 829 670 875 intertior
687 826 765 874 aurit

173 903 230 959 Par(
242 901 280 953 illi
298 902 398 968 levitae,
415 904 539 968 improbe,
558 894 610 951 so'la
628 918 669 953 tua
686 904 727 953 est.

133 978 231 1027 Omnia
241 981 297 1029 sunt
304 983 432 1029 hominum
445 984 509 1029 tenui
518 980 647 1045 pendentia
657 979 700 1030 filo
711 1000 718 1031 r
878 1004 905 1051 35

171 1056 203 1105 Et
221 1056 302 1107 subit&
317 1060 390 1117 casu,
409 1058 587 1124 quae,vaiuere‚
604 1073 685 1108 ruunt.

133 1132 229 1184 Divitis
247 1136 328 1187 audita
346 1138 378 1187 est
393 1141 431 1186 cui
449 1154 498 1187 non
513 1138 637 1203 opulentia
653 1136 750 1189 Crusi?

172 1212 268 1279 Nempe
279 1219 445 1266 tameuvitam
456 1230 538 1280 captur
554 1217 583 1264 ab
598 1215 664 1265 hoste
678 1215 744 1265 tulit.

139 1288 185 1338 iile
198 1292 323 1353 Syracosii
333 1290 409 1340 modu
420 1290 563 1341 formidatus
574 1295 599 1339 in
610 1292 683 1351 urbe,

171 1366 219 1415 vix
240 1368 327 1417 humili
344 1367 428 1417 duram
444 1368 532 1433 repulit
545 1384 594 1418 arte
608 1368 707 1419 famem.
876 1376 907 1421 ⁴0

140 1442 208 1504 Quid
226 1444 305 1494 fuerat
320 1445 412 1510 Magno
427 1450 524 1511 majus?
544 1460 624 1495 tamen
641 1446 683 1495 ilie
701 1447 795 1511 rogavit

172 1522 293 1573 Submissi
310 1523 402 1588 fugiens
417 1540 478 1574 vote
496 1524 590 1573 clientis
604 1540 685 1589 opem.

147 1600 246 1666 Cuique
262 1605 316 1651 viro
334 1614 399 1651 totus
418 1617 532 1651 terrarum
550 1605 628 1667 paruit
644 1603 725 1657 orbis,

172 1677 277 1746 indigus·
291 1677 386 1729 effeetus
404 1681 515 1729 omnibus
533 1682 581 1745 ipse
599 1682 684 1745 magis.

143 1755 188 1804 lile
208 1758 353 1822 Jugurthino
370 1758 466 1818 clarus,
488 1757 639 1823 Cimbroque
658 1759 797 1823 triumpho,
867 1757 903 1820 '45

171 1835 227 1895 Quo
243 1838 327 1884 victrix
343 1840 414 1886 toties
427 1834 534 1886 Consule
552 1836 631 1885 Roma
648 1836 713 1894 fuit;

138 1911 167 1961 In
184 1930 255 1977 euno
275 1913 346 1962 latuit
366 1915 477 1972 Marius,
496 1914 620 1977 cannaque
633 1914 751 1976 palustrir

174 1990 275 2039 Pertulit
292 1994 316 2039 δι
330 2005 397 2039 tanto
412 1989 490 2039 multa
504 1987 615 2053 pudenda
624 1994 687 2038 viro.

139 2066 213 2117 ludit
235 2070 260 2116 in
281 2057 391 2117 humanis
408 2065 489 2117 divina
504 2070 612 2131 potentia
624 2068 708 2124 tebur3

174 2146 205 2194 Et
222 2161 311 2195 certam
330 2147 428 2209 present
446 2149 486 2193 vix
502 2146 646 2194 hebetiora
664 2142 747 2193 fidem.
877 2162 907 2209 μ

138 2224 205 2275 Litus
223 2221 253 2271 ad
274 2223 409 2281 Euxinum,
424 2225 442 2271 si
459 2226 512 2288 quis
530 2224 591 2269 milri
609 2219 716 2281 diceret,
734 2221 800 2282 ibit,

171 2301 202 2349 Et
223 2314 334 2359 metues,
350 2314 406 2348 arcu
425 2316 454 2353 ne
476 2301 560 2350 feriare
578 2300 660 2357 (ἕσας

138 2381 167 2440 1,
183 2380 252 2435 bibe,
266 2374 396 2436 dixiss'em,
415 2393 541 2442 purgantes
557 2380 652 2441 pestora
667 2377 749 2426 succos
767 2396 774 2425 e

171 2454 292 2521 Quicquid
311 2459 336 2504 &
354 2459 379 2503 iu
397 2470 448 2505 tota
463 2457 567 2505 nascitur
583 2454 717 2516 Anticyrir

140 2538 197 2585 Sum
218 2548 298 2582 tamen
318 2534 369 2580 haec
390 2531 466 2595 paffus
482 2552 487 2581 ι
506 2549 566 2591 nec,
589 2536 607 2581 si
621 2532 732 2581 mortalia
743 2529 852 2598 possem,
874 2552 900 2599 ς’

171 2611 201 2659 Et
217 2610 304 2657 summi
321 2622 429 2671 poteram
448 2610 495 2658 teia
511 2626 593 2659 cavere
609 2610 666 2657 Dei.

140 2686 179 2738 T'u
195 2702 290 2753 quoque
302 2685 339 2733 fec
354 2688 453 2744 timeae,
475 2690 515 2740 ἃ,
536 2704 589 2751 quae
605 2688 650 2735 tibi
663 2687 717 2737 ieta
724 2687 835 2740 videntur
843 2723 861 2747 ..

144 2794 147 2805 ·
173 2764 237 2815 Dum
256 2763 381 2829 loqueris,
400 2762 452 2813 fieri
471 2764 545 2813 tristia
560 2761 627 2829 pnii'e
642 2778 708 2832 pute.

400 2948 567 3031 W
