2325 3959
304 392 374 472 236
437 377 478 450 P.
508 383 662 450 Orion
684 383 880 452 Nasorrrs

334 500 455 555 Texiffent
468 503 538 568 digiti
555 503 646 554 lumina
655 505 788 554 nostratui.

252 589 282 640 εις
303 579 332 630 Et
348 585 407 632 ciuis
424 585 449 630 in
466 581 561 631 tumulo
576 585 667 646 positus
677 578 787 647 jacuisset
798 584 880 637 avito,

333 657 452 725 Taslaque
462 661 567 709 nascenti
574 675 660 724 corpus
669 660 769 709 baberet
777 663 872 708 bumur.

301 735 459 801 Denique&,
473 752 499 785 ut
511 740 574 796 vixi,
593 740 642 786 sine
653 739 753 786 crimine
772 751 880 785 mortuus
896 733 992 786 essem.

334 813 405 863 Nunc
416 830 469 862 mea
479 814 596 879 supplicio
613 815 661 862 vita
676 811 788 878 pudenda
798 816 841 862 suo
848 811 889 861 esi.

301 890 343 939 Me
352 893 465 939 miserum
478 893 483 940 i
497 894 515 939 si
527 906 570 950 tu,
581 890 637 940 culm
647 889 732 940 diceris
743 892 827 940 exsulis
837 907 915 950 uxor,

255 971 284 1018 10
334 970 426 1019 Avertit
441 969 542 1030 vultus,
560 972 585 1018 bc
596 969 659 1019 subit
668 984 711 1017 ora
725 969 805 1017 rubor.

301 1045 344 1095 Mc
361 1047 473 1094 miserum
484 1045 491 1094 l
506 1049 524 1095 si
535 1060 603 1112 turpe
613 1061 681 1110 putas
691 1048 751 1094 mihi
761 1060 837 1110 nupta
851 1043 941 1095 videri.

334 1124 376 1172 Me
386 1125 515 1173 miserum!
529 1127 547 1173 sl
559 1139 583 1173 te
592 1130 641 1190 jam
652 1122 728 1189 pudet
737 1121 784 1173 else
792 1140 881 1172 meam.

302 1199 407 1265 Tempus
417 1202 457 1250 ubi
471 1203 503 1252 est
515 1200 594 1257 iilud,
606 1218 657 1268 quo
668 1216 691 1250 te
702 1202 786 1267 instare
797 1201 888 1250 solebas

334 1276 462 1344 Coniuge,
473 1295 516 1329 nec
527 1295 617 1330 nomen
628 1277 777 1330 dissimulare
786 1282 831 1329 viri
842 1282 851 1328 i

254 1363 266 1415 ς
273 1367 282 1410 5
303 1355 407 1420 Tempus
416 1358 456 1406 ubi
466 1357 514 1413 est,
528 1374 576 1423 quo
588 1372 628 1417 te,
640 1359 685 1406 nisi
696 1360 716 1406 si
728 1357 790 1422 fugis
801 1357 843 1406 illa
853 1356 958 1412 referre.

335 1433 366 1484 Er
380 1432 447 1495 dici,
464 1438 579 1491 memini,
597 1438 659 1502 iuvit
669 1432 753 1485 &effe
771 1438 865 1484 meam?

302 1510 384 1576 thue
399 1513 479 1576 prob:
487 1512 587 1578 <iignum
599 1513 645 1573 est,
660 1514 728 1562 omni
743 1513 786 1560 tibi
796 1511 853 1562 dote
863 1511 1004 1577 placebam.

335 1587 445 1639 Addebat
453 1593 515 1641 reris
526 1590 604 1640 multa
613 1590 715 1641 faventis
728 1606 805 1642 amor.

302 1665 354 1714 Nec
365 1683 436 1732 quem
447 1667 567 1733 praeferrrs
578 1703 587 1727 ‚
599 1671 633 1717 ita
642 1685 678 1717 res
690 1669 734 1717 tibi
746 1662 938 1733 magnavidebar
951 1702 960 1726 ‚

255 1743 287 1780 ⁶0
336 1744 443 1804 Quemve
455 1760 523 1794 tuum
535 1745 619 1796 malles
627 1742 691 1804 effe,
701 1748 740 1793 vir
750 1745 810 1794 alter
817 1760 875 1794 erat.

303 1815 374 1866 Nunc
389 1835 484 1884 quoque
494 1835 524 1866 ne
537 1816 640 1884 pudeat,
652 1815 719 1882 quod
725 1821 756 1866 sis
766 1819 827 1865 mihi
836 1832 922 1882 nupta:
933 1831 1024 1885 tuusq3

336 1895 393 1944 Non
404 1894 475 1946 dolor
485 1898 541 1946 hinc
552 1895 640 1954 debet,
655 1894 727 1945 debet
736 1891 812 1944 abesse
824 1893 910 1959 pudor.

204 2007 208 2015 ·
303 1973 368 2025 Cum
383 1973 470 2025 cecidit
482 1975 607 2039 Capaneus
617 1975 695 2023 subito
709 1975 846 2022 temerarius
856 1975 917 2030 iau,
1024 1984 1027 1988 ⁴
1080 1972 1081 2055 l

336 2051 402 2101 Num
414 2052 472 2117 legis
483 2051 597 2103 Evadnen
607 2048 723 2100 erubuisse
733 2054 802 2102 viro?
1080 2058 1081 2063 ’

255 2124 283 2180 ⁶5
304 2129 354 2178 Nec
367 2165 375 2190 ‚
391 2134 446 2197 quia
458 2133 507 2181 Rex
516 2129 601 2180 mundi
611 2132 759 2194 compescuit
768 2130 862 2193 ignibus
868 2131 935 2194 ignes
947 2165 958 2190 ‚

336 2209 387 2274 lpse
404 2214 466 2269 tuis,
483 2211 607 2266 Phaie'ron,
623 2206 764 2256 inficiandus
776 2223 835 2254 eras.

304 2287 355 2336 Nec
364 2287 455 2337 Semele
466 2285 563 2337 Cadmo
574 2286 635 2334 fasta
649 2285 682 2333 eil
690 2279 768 2333 aliena
778 2286 870 2347 parenti
881 2317 890 2343 ,

337 2363 409 2424 Quod
420 2367 527 2428 precibus
538 2366 609 2428 periit
620 2363 747 2410 ambitiosa
764 2362 820 2409 suis.

307 2442 355 2491 Nec
367 2444 424 2496 ribi,
436 2439 503 2506 quod
515 2443 579 2490 saevis
590 2456 635 2504 ego
646 2441 699 2487 sum
707 2439 773 2489 lovis
782 2440 877 2503 ignibus
887 2442 945 2490 isius
958 2475 969 2501 ,

257 2524 288 2568 70
337 2521 468 2584 Purpureus
479 2519 550 2568 molli
561 2516 604 2568 fiat
614 2520 640 2566 iu
648 2533 690 2566 ore
701 2518 773 2566 rubor
784 2535 791 2568 t

305 2595 349 2646 Sed
365 2599 439 2659 magis
450 2599 475 2644 in
485 2596 558 2644 nostri
568 2611 651 2644 curam
662 2597 778 2658 consurge
788 2594 884 2650 tuendi,

337 2674 526 2739 Exemplumque
536 2675 598 2722 mihi
613 2674 722 2735 coniugis
734 2671 782 2720 esto
793 2673 860 2721 bona
871 2690 878 2720 r

305 2752 479 2816 Materiamque
491 2755 537 2799 tuis
555 2750 645 2799 tristem
660 2750 787 2799 virtutibus
800 2750 884 2814 imple.

334 2828 412 2879 Ardua
422 2845 571 2894 perpraeceps
581 2828 659 2893 gloria
668 2824 741 2876 vadat
751 2829 805 2876 iter.

257 2909 286 2958 75
307 2909 408 2960 Hebiota
418 2910 470 2972 quis
480 2904 558 2955 nosset
568 2940 577 2966 ,
588 2909 609 2954 si
622 2905 678 2954 felix
693 2905 768 2968 Troja
778 2899 859 2953 fuisset
870 2906 879 2951 i

339 2984 437 3034 Publica
450 2984 540 3033 Virtuti
550 2999 591 3051 per¹
600 2981 666 3032 mala
676 2980 738 3030 fasta
746 2984 786 3032 via
799 2981 841 3029 cst.

306 3064 350 3115 Ars
369 3078 424 3125 tua,
434 3061 532 3130 Tiphy,
544 3064 627 3129 jacet,
640 3057 1011 3126 tiuousirinoequore'sluiiues
