2325 3959
234 427 304 470 200
363 401 406 470 P.
435 404 592 470 Orion
619 406 814 487 NAsortrs

229 525 340 590 Denique
350 523 380 574 ab
392 525 489 580 incauto
500 521 603 574 nimidm
615 525 677 590 petit
686 523 729 574 ille
737 525 846 583 marito,

264 604 292 651 Se
301 618 398 668 qnoque
409 605 444 651 uti
454 605 546 662 servet5
559 618 678 667 peccetur
690 603 732 652 illi
743 605 831 650 minus.

200 687 203 696 '
232 681 282 730 Scit
292 670 330 730 cul
344 680 460 740 latretur,
472 680 529 730 crim
540 680 604 730 solus
615 679 757 730 obambulat
768 680 834 744 ipset

184 757 231 804 450
265 755 317 808 Cur
329 761 399 808 toties
410 757 498 807 clausas
510 773 603 808 exercet
612 774 667 808 ante
678 757 751 808 fores.

233 835 359 902 Multaque
371 834 473 886 dattalis
484 837 541 886 lutri
549 852 682 903 praecepta:
695 835 816 902 docetque

267 914 322 976 Qud
333 929 412 980 nupta
422 919 513 981 possint
524 915 607 964 fallere
615 917 644 965 ab
655 931 705 965 arte
713 917 788 965 viror.

234 991 285 1041 Nec
296 992 342 1041 fuit
352 994 398 1041 hoc
408 993 445 1040 illi
455 991 534 1044 iraudi
543 1010 551 1051 3
562 992 697 1059 legiturque
706 990 833 1044 Tibullus,

200 1127 202 1134 y
267 1069 298 1118 Er
313 1069 407 1134 placet,
423 1073 447 1118 δι
457 1074 524 1135 jam,
537 1084 560 1119 te
572 1071 695 1136 Principe,
706 1084 778 1119 notua
790 1081 850 1118 erat.

186 1137 229 1198 455
235 1147 342 1196 Inveniet
352 1145 436 1196 eadem
447 1146 529 1197 blandi
540 1163 657 1213 precepta
667 1139 792 1213 Properti:

267 1225 390 1275 Distrillut
398 1225 500 1275 minimi
509 1242 553 1278 nec
561 1241 642 1276 tamen
651 1225 694 1275 ille
705 1225 765 1274 noti
775 1224 817 1273 est.

236 1303 279 1352 His
286 1319 331 1368 ego
343 1305 457 1363 successi,
472 1306 588 1370 quoniam
600 1304 733 1370 prestantia
743 1301 834 1355 candor

268 1380 376 1430 Nomina
383 1384 494 1432 virorum
505 1379 654 1431 dissimulare
661 1383 738 1446 jubet.

237 1457 295 1506 Non
306 1461 392 1519 timui,
402 1459 497 1519 fateor,
513 1476 559 1514 ne,
576 1459 624 1531 qul
636 1474 673 1509 tot
682 1463 730 1509 ie're
741 1461 843 1519 carina,

188 1538 237 1581 47⁰
270 1536 409 1602 Naufragii,
425 1539 520 1589 servatis
530 1538 660 1597 omuibus,
676 1553 723 1586 una
734 1534 813 1596 foret,

238 1615 298 1664 Sunt
307 1614 359 1664 aliis
370 1616 477 1680 scripta,
491 1615 577 1680 quibus
587 1613 638 1663 alea
648 1612 739 1663 luditur
751 1648 760 1674 ,
770 1627 841 1663 atter.

271 1693 329 1742 Hac
339 1691 412 1742 estad
425 1693 517 1742 nostros
527 1708 577 1742 non
591 1692 642 1742 leve
651 1695 743 1741 crimen
754 1709 821 1743 avos.

239 1768 306 1832 Quid
316 1769 412 1822 valeant
423 1770 464 1819 tali
473 1787 481 1829 3
492 1787 541 1836 quo
552 1774 626 1836 possit
635 1770 739 1837 plurima
749 1773 813 1837 jalin

272 1850 388 1914 fingere,
402 1845 530 1898 damnosos
542 1847 671 1914 effugiente
684 1865 762 1898 canes.

189 1924 335 1976 475Tessera
346 1941 523 1993 quotnumeror
533 1928 633 1976 habeat:
644 1925 744 1978 distante
755 1941 860 1984 vocato,

272 2005 370 2054 Mittere
380 2021 429 2071 quo
443 2003 544 2060 deceats
556 2023 607 2074 quo
617 2003 673 2055 dare
683 2004 753 2059 milla
764 2006 850 2058 modo.

239 2081 352 2133 Discolor
360 2099 386 2133 ut
396 2087 460 2132 telio
469 2081 584 2149 grassetur
594 2085 672 2134 limite
682 2084 769 2145 miles,

273 2159 340 2212 cum
349 2160 440 2210 medius
451 2166 549 2227 gemino
559 2161 665 2212 calculus
674 2163 741 2212 hoste
751 2166 822 2228 perit.

240 2238 275 2288 Ut
288 2256 356 2305 mage
367 2239 430 2290 velle
441 2242 507 2305 sequi
517 2243 591 2300 sciat,
603 2244 628 2288 &
638 2257 748 2290 revocare
758 2245 880 2306 priorem
956 2243 963 2249 ”

192 2307 240 2368 430
273 2317 311 2367 Ne
319 2316 372 2366 turo
383 2317 476 2382 fugiens
486 2320 642 2367 incomitatus
651 2333 698 2368 eat.
711 2360 714 2364 .

241 2395 315 2445 Parva
326 2393 391 2444 sedet
402 2397 474 2444 ternis
484 2395 594 2442 instructa
605 2395 692 2444 tabella
702 2394 810 2461 lapillis,

274 2474 301 2522 ln
313 2469 448 2538 quaviciffc
458 2471 507 2532 est,
518 2469 666 2521 continuasse
674 2474 736 2521 suot.

242 2549 338 2616 Quique
347 2549 388 2599 alii
397 2549 479 2608 lusus,
491 2565 567 2615 neque
576 2553 641 2599 enim
649 2566 713 2600 nnnc
720 2553 846 2617 persequar
855 2569 956 2611 ornnes,

202 2653 205 2662 ·
274 2626 373 2678 Perdere
384 2662 392 2687 ,
408 2643 549 2678 remearant
560 2663 568 2687 ,
588 2643 696 2693 tempora
705 2629 786 2678 nostra
795 2629 882 2680 solent.
927 2672 931 2677 .

193 2697 374 2761 485Eccecanrt
382 2703 538 2754 formasalius
547 2707 667 2770 juliusque
674 2705 793 2770 pilarum:

274 2783 322 2834 Hic
331 2799 408 2834 artem
419 2780 491 2832 nandi
502 2785 609 2848 praecipit
621 2817 630 2843 ,
644 2782 687 2831 ille
698 2786 785 2834 trochi.

243 2861 389 2927 Composita
402 2863 435 2910 est
453 2861 504 2911 aliis
516 2859 614 2911 fucandi
625 2878 682 2913 cura
691 2862 797 2921 colorist

262 2940 323 2996 .Hic
330 2940 406 3006 epulis
416 2939 478 3005 leges
489 2942 641 3006 hospitioque
649 2938 725 2990 dedit.

243 3018 311 3067 Alter
318 3020 436 3078 humum,
451 3016 481 3068 de
489 3035 536 3084 qua
547 3015 667 3082 fingantur
677 3017 781 3085 pocula,
792 3019 923 3074 monstrate

195 3097 245 3145 490
278 3097 403 3164 Quaque,
425 3096 513 3154 docet,
529 3097 624 3166 liquido
634 3099 690 3150 tella
699 3101 731 3152 tit
741 3113 796 3166 apta
805 3115 885 3152 mero.
