2325 3959
84 409 90 460 i

84 519 93 567 i

84 612 92 644 r

234 369 512 435 Trrsurvu
539 363 636 437 er.
668 364 698 434 1.
753 368 813 451 165

150 490 185 537 Sit
197 488 251 537 saris
261 506 267 535 :
276 489 374 553 ingenio
385 488 418 535 ric
429 486 486 551 fuga
495 499 562 549 parta
574 500 640 533 meo.

118 567 129 619 1
141 583 220 616 tamen
229 601 238 623 ,
247 569 272 615 ir
284 583 328 631 pto
340 582 379 614 me
391 580 434 624 tu,
447 568 487 613 cui
496 564 569 622 licet,
580 564 658 627 aspice
669 564 782 613 Romam.

152 644 186 692 Di
201 643 307 693 facerent
317 678 325 702 ,
337 638 429 707 poisem
439 656 503 691 nunc
513 658 579 697 meur
592 639 638 691 effe
649 641 729 691 liberi·

119 720 171 770 Nec
185 736 222 780 te,
239 719 307 785 quod
316 722 397 768 venias
405 718 517 783 magnam
527 724 663 785 peregrinus
671 723 697 769 in
708 720 815 783 Urbem,
833 740 836 747 ¹

153 799 266 863 ignotum
283 798 374 863 populo
391 794 458 862 poise
467 800 548 847 venire
561 813 628 862 puta.
772 790 776 799 ⁸
851 790 883 839 6⁰

121 876 157 925 Ut
168 876 243 925 titulo
251 892 344 935 careas,
360 877 412 939 ipso
422 875 518 925 noscere
528 877 611 926 colore
621 894 630 935 3

84 947 86 964 “
153 954 310 1003 Dissimulare
319 953 378 1005 velis
394 968 417 1003 te
427 954 484 1004 iicet
493 952 542 1004 effe
551 970 644 1005 meum.

123 1032 196 1084 ciam
209 1048 289 1082 tamen
300 1034 404 1089 intrat03
416 1046 461 1080 nte
472 1047 496 1080 te
506 1048 560 1083 mee
570 1034 676 1081 carmina
689 1028 787 1081 ledant'.

84 1106 86 1114 ’
154 1108 212 1158 Nou
230 1108 305 1167 suut,
321 1120 349 1155 ut
365 1104 487 1173 quondam
498 1106 568 1173 plena
578 1108 666 1159 favoris
678 1122 753 1155 erant.

120 1188 145 1236 si
155 1189 209 1250 quir
220 1188 278 1239 erit,
294 1187 336 1250 qui
354 1198 394 1245 re,
411 1187 467 1249 quia
479 1186 510 1232 ris
523 1200 607 1245 meur,
624 1182 670 1235 effe
686 1180 816 1249 legendum
857 1185 885 1237 ‘5

149 1264 208 1313 Non
219 1277 299 1327 putet,
312 1280 324 1310 e
339 1264 431 1327 gremio
441 1265 579 1329 reiiciatque
590 1265 647 1321 suo·,

120 1340 235 1405 Inspice,
253 1338 293 1388 dic
305 1372 314 1399 ‚
326 1339 425 1388 titulum
435 1357 443 1387 r
454 1356 505 1388 nou
514 1341 567 1389 sum
576 1354 707 1405 preceptor
719 1340 829 1389 timorist

158 1420 224 1477 Quae
234 1420 340 1471 meruit,
353 1433 435 1481 peenas
448 1420 499 1481 jem
512 1414 581 1466 dedit
591 1416 653 1467 illud
664 1434 733 1482 opus.

121 1495 235 1545 'Forsitan
246 1497 361 1559 exspertes
371 1529 379 1553 ,
390 1510 420 1544 au
431 1497 456 1544 in
465 1494 514 1544 alta
521 1495 610 1560 palatie
621 1493 718 1544 miffum
739 1522 741 1527 ·

159 1570 275 1621 Scandere
287 1575 431 1636 tejubeam,
442 1572 742 1639 Casareamquedomum.
764 1600 766 1607 ¹
859 1580 891 1627 7ο

123 1651 254 1715 ignoscant
264 1650 360 1716 augusta
369 1652 430 1699 mihi
441 1650 510 1711 ioca,
523 1650 605 1718 Dique
620 1652 745 1705 locorum:

160 1730 234 1779 Venit
247 1733 273 1779 in
283 1732 330 1779 boc
340 1729 384 1779 illi
392 1729 485 1779 fulmen
495 1731 525 1779 ab
535 1747 589 1779 arce
598 1746 679 1796 capue.

125 1804 181 1860 Effe
192 1805 291 1872 quidem
302 1809 403 1855 memini
412 1809 540 1857 mitissima
553 1805 649 1856 sedibus
664 1806 713 1868 iiiii

160 1885 269 1934 Numina
281 1902 289 1942 3
307 1882 349 1933 sed
362 1887 455 1943 timeo,
467 1888 509 1949 qui
519 1900 622 1933 nocuere
634 1918 643 1944 ,
661 1884 734 1943 Deos,

126 1965 242 2014 Terretur
250 1962 356 2015 minimo
366 1977 449 2026 peuuae
460 1960 559 2011 stridore
568 1962 697 2025 columba,
719 1994 721 1999 ,
858 1958 894 2017 75'

161 2042 307 2107 Unguibus,
319 2042 450 2105 accipiter5
461 2040 541 2087 sautia
552 2038 612 2088 faria
624 2042 680 2089 cuir.

125 2119 182 2178 Nec
194 2118 279 2184 procul
290 2118 408 2169 estabulir
417 2114 490 2167 audet
499 2115 622 2172 secedere,
639 2120 658 2165 ti
669 2132 716 2183 qua

163 2193 264 2245 Excuffa
275 2196 308 2244 eii
318 2192 383 2246 avidi
394 2193 505 2243 dentibus
515 2209 576 2259 agua
591 2195 651 2260 lupi.
664 2222 666 2227 ,

127 2275 225 2325 vitaret
233 2273 323 2323 coelum
334 2273 457 2327 Pharroa,
471 2276 490 2321 ri
499 2276 606 2332 vimen
621 2277 647 2323 δι
657 2288 717 2339 quot

165 2354 268 2419 Optirat
277 2349 360 2413 stulti,
372 2366 469 2417 tangere
480 2350 558 2414 nollet
574 2368 659 2419 equor.
866 2347 897 2397 80

130 2432 177 2483 Me
189 2447 307 2497 quoque,
324 2446 377 2497 quae
394 2432 472 2491 senei,
490 2430 569 2481 fateor
579 2432 645 2483 Iovis
659 2446 726 2480 erma
735 2431 836 2489 timere3

167 2510 209 2559 Me
226 2526 279 2558 reor
289 2508 390 2567 infesto,
404 2507 460 2557 crim
471 2524 559 2569 tonat,
575 2512 631 2575 igne
643 2512 701 2575 peti.

130 2587 288 2653 Quicumque
300 2584 447 2651 Argolicride
458 2584 529 2636 claffe
539 2586 664 2653 Capherea
674 2588 751 2653 fugit,

168 2666 267 2728 Semper
276 2666 307 2713 ab
317 2662 432 2733 Euboicis
440 2663 496 2711 vela
504 2678 627 2729 retorquet
636 2667 701 2730 aquis

132 2742 169 2801 Et
181 2756 235 2789 mea
245 2739 347 2802 cymba,
358 2740 430 2788 semel
437 2738 501 2788 vasti
511 2738 619 2804 percuffa
628 2743 753 2807 procelli,

171 2818 244 2867 illum
256 2851 265 2877 ‚
282 2833 332 2883 quo
342 2816 396 2866 leia
406 2817 452 2877 est,
461 2819 543 2867 horret
552 2816 618 2869 adire
629 2818 720 2869 iocum.

136 2897 223 2963 Ergo,
241 2912 295 2947 care
308 2896 379 2945 Liber
391 2930 399 2955 ‚
418 2892 506 2946 timidi
520 2886 781 2963 circumspicemeuter

173 2977 205 3026 Et
214 2977 290 3025 sarisa
301 2971 381 3023 medii
391 2976 422 3022 sit
432 2973 476 3022 tibi
487 2973 556 3037 plebe
565 2974 622 3039 legi.

137 3052 207 3112 Dum
217 3056 281 3120 perir
288 3050 390 3107 infirmis
399 3049 503 3116 nimium
510 3052 624 3109 sublimia
629 3054 713 3120 pennis
