2325 3959
245 407 314 469 226
386 397 429 468 Ρ.
458 400 823 468 OurnrrNAsours

278 525 352 574 Trille
364 538 434 590 caput
445 521 544 588 pedibus
560 519 704 587 supposuisse
716 521 800 571 Ducis.
824 538 827 542 ⁴

243 603 300 652 Hauc
317 605 373 650 mihi
386 607 425 668 qui
439 601 541 660 reseret,
562 619 614 667 quae
624 617 673 650 non
683 599 769 650 vidisse
780 599 871 650 dolebo
882 632 892 661 ,

196 686 226 732 50
276 680 318 728 llle
330 698 387 729 murs
399 679 483 729 domui
494 685 602 744 protinus
614 683 698 746 hospes
708 682 761 728 etit.

244 759 289 808 Hei
306 762 365 806 mihi
378 759 384 806 l
403 763 484 821 iamne
495 757 581 808 domus
592 761 704 820 Scythico
715 758 819 807 Nasonis
831 761 856 806 in
866 758 925 805 orbe
937 760 950 806 i

275 839 374 902 Jamque
386 840 453 886 suum
472 839 530 886 milri
544 835 585 886 dat
596 855 639 902 pro
650 838 708 885 Lare
719 852 790 901 poena
801 835 882 884 lotum
894 839 904 883 Ξ

243 913 277 964 Di
296 915 401 969 faciant,
415 915 493 965 Caesar
507 933 556 964 non
567 914 606 964 hic
618 914 737 980 penetrale
748 913 916 978 domumque,

245 1052 249 1059 ι
277 993 414 1060 Hospitium
425 1011 501 1060 poenae
514 992 553 1043 secl
564 994 622 1045 velit
634 990 680 1042 else
697 1009 765 1041 mee.

525 1152 626 1196 Qfst’

262 1175 631 1224 ⁴--*.....„....,.......Q.¹e
777 1196 912 1205 -.,.-,..,

382 1299 635 1360 ELE-GIA
676 1294 817 1357 Xl'll.

246 1387 356 1509 Ecce
368 1461 542 1526 supervacuus,
559 1459 619 1527 quid
633 1463 697 1509 enim
710 1457 756 1507 fuit
767 1457 827 1506 utile
837 1457 903 1521 gigni
915 1455 924 1502 ἒ

278 1537 315 1586 Ad
333 1539 373 1586 sua
391 1537 476 1587 natalis
487 1554 595 1602 tempora
606 1537 682 1586 noster
693 1535 764 1585 adest.

245 1614 327 1674 Dure,
346 1614 404 1681 quid
415 1614 444 1665 acl
455 1619 551 1666 miseros
559 1618 668 1666 veniebas
680 1613 764 1663 exsulis
774 1628 849 1661 annos
860 1615 870 1659 ἒ

188 1705 191 1712 ·
277 1693 398 1744 Debueras
411 1694 459 1744 illis
473 1690 610 1759 imposuisse
628 1691 738 1742 modurn.

216 1769 227 1813 5
246 1771 270 1819 Si
287 1772 329 1819 tibi
341 1787 396 1819 tura
407 1775 454 1820 mei
465 1807 472 1830 ,
484 1772 522 1821 vel
536 1775 554 1820 si
566 1769 642 1835 pudor
653 1770 715 1819 ullus
724 1766 824 1827 inesset,

280 1848 336 1897 Non
348 1849 408 1898 ultra
419 1853 520 1914 patriam
532 1867 570 1898 me
583 1852 704 1914 sequerere
714 1860 801 1897 meam.

247 1926 348 1992 Quoque
360 1927 415 1976 loco
424 1927 529 1992 printtlm
540 1931 584 1978 tibi
594 1931 646 1976 sum
656 1925 719 1978 mali
726 1928 835 1990 cognitus
846 1921 942 1982 infans,

279 2005 326 2053 lllo
341 2004 449 2055 tentasses
461 2007 560 2058 ultimus
572 2004 618 2055 esse
629 2009 698 2054 mihi.
945 2062 947 2068 y

246 2083 345 2150 Jamque
356 2085 526 2150 relinquendi,
543 2084 610 2152 quod
620 2083 684 2133 idem
697 2083 772 2132 secere
783 2077 892 2137 sodales,

201 2169 228 2201 ¹0
278 2162 317 2210 Tu
334 2179 429 2230 quoque
441 2161 535 2214 dixisses
546 2164 616 2213 tristis
625 2167 650 2211 in
662 2162 741 2219 Urbe,
756 2159 824 2208 Vale.

151 2251 154 2256 “
246 2237 312 2298 Quid
324 2242 367 2289 tibi
378 2258 433 2290 cunr
446 2243 523 2290 Ponto
535 2245 543 2289 i
562 2258 620 2290 num
631 2257 654 2290 te
664 2256 761 2306 quoque
772 2236 870 2287 Caesatis
881 2237 916 2282 ire

278 2315 414 2366 Extremam
426 2317 499 2383 gelidi
511 2320 576 2367 misit
587 2322 612 2366 in
621 2320 686 2367 orbis
697 2320 799 2366 humum
810 2318 819 2362 i

245 2393 341 2442 Scilicet
353 2397 466 2460 exspeeles
481 2396 544 2444 soliti
555 2397 600 2444 tibi
608 2399 682 2444 moris
694 2397 827 2448 honorem»

259 2487 261 2492 ·
278 2470 381 2521 Pendeat
396 2490 424 2520 ex
439 2476 543 2521 humeris
552 2474 621 2521 vellis
632 2489 658 2522 ut
669 2474 724 2522 alba
732 2474 801 2523 meis.

199 2559 224 2604 ις
246 2546 346 2597 Fumida
362 2552 469 2614 tingatur
483 2550 624 2608 florentibus
637 2568 676 2600 ara
687 2554 793 2600 coronis.

277 2627 389 2693 Micaque
405 2629 515 2679 sollemni
527 2634 585 2680 turis
595 2633 620 2678 in
631 2633 686 2694 igne
699 2632 774 2678 sonet.

244 2703 349 2769 Libaque
362 2704 417 2754 dem
431 2723 475 2772 pro
486 2725 542 2767 me,
560 2708 665 2774 genitale
675 2711 784 2756 notantia
795 2703 906 2772 tempus,

278 2781 472 2850 concipiamque
487 2787 560 2836 bonas
572 2786 614 2834 or'e
630 2786 726 2834 favente
737 2802 815 2850 preces

244 2858 302 2909 Non
313 2862 346 2910 ita
356 2863 408 2911 sum
419 2867 527 2928 positus,
540 2881 584 2916 nec
595 2866 651 2914 suut
664 2879 691 2914 ea
706 2879 814 2927 tempora
826 2864 914 2922 nobis,

198 2955 228 2986 20
277 2935 386 2987 Adventu
397 2945 486 3005 possim
499 2941 603 2992 lesusut
619 2938 664 2990 effe
675 2956 726 2990 tao.

244 3011 341 3061 Funeris
352 3017 476 3076 atramini,
493 3014 561 3064 sereli
574 3016 651 3064 cinus
660 3009 787 3078 cupteffo,

276 3088 398 3142 Convenit
403 3127 415 3156 ,
430 3097 455 3142 δι
467 3093 556 3142 tirsus
565 3089 664 3141 flamm
673 3104 756 3157 parete
766 3093 839 3157 regie.
