2325 3959
194 433 198 439 .
288 373 545 441 Triarium
572 373 668 441 Lm.
701 372 745 442 V.
812 380 875 462 265

170 487 273 557 Exiget,
285 494 330 544 ahi
342 490 425 558 dignas
435 494 508 543 ultrix
518 495 665 545 Rhamnusia
678 502 782 559 poenasz'

205 566 322 635 Imposito
333 571 409 621 calcas
419 570 478 638 quid
489 589 542 621 mea
556 572 605 621 fata
616 566 690 636 pede?
903 575 932 606 ¹³

171 647 230 697 Vidi
241 667 301 714 rgo,
316 651 466 715 navifragum
478 656 519 718 qui
527 654 610 700 riserat
621 686 629 710 ‚
641 666 734 714 aequore
747 651 837 713 mergi:

205 727 236 776 Et
245 762 253 785 ‚
263 722 423 795 Numquam,
440 728 504 784 dixi,
516 730 600 794 justior
612 725 674 775 unda
687 726 741 775 fuit.

172 803 238 854 Vilia
247 808 291 870 qui
300 805 423 871 quondam
432 809 523 857 miseris
534 807 649 855 allmenta
660 818 771 869 negarat,
809 798 837 843 ,'
871 808 898 821 ’“

125 945 131 952 .
206 882 276 931 Nunc
290 882 428 934 mendicato
438 887 540 950 pascitur
550 885 599 950 ipse
608 884 676 933 cibo.
809 872 813 880 ¹

172 957 280 1012 Passibus
288 963 406 1025 ambiguis
415 964 518 1012 fortuna
528 961 641 1012 volubilis
653 974 732 1020 errat,
907 969 932 1011 ¹5

205 1036 237 1085 Et
248 1054 329 1089 manet
338 1042 365 1087 in
374 1040 443 1089 nullo
453 1056 518 1089 certa
529 1054 645 1105 tenaxque
656 1036 721 1089 loco.
780 1091 793 1101 ἡ

144 1154 148 1160 ,
173 1112 220 1164 Sed
234 1114 310 1165 modii
325 1116 378 1168 laeta
392 1116 474 1178 favet,
491 1118 571 1168 vultus
583 1116 659 1167 modi>
670 1118 743 1170 sumit
753 1118 850 1167 acerbos
863 1132 870 1174 ¹,

204 1192 237 1242 Et
252 1194 347 1245 tannim
357 1196 464 1245 constans
474 1198 500 1245 in
514 1196 610 1244 levitate
620 1195 661 1245 iui
673 1195 714 1244 est.

142 1269 144 1272 ’
174 1270 227 1321 Nos
239 1289 336 1337 quoque
346 1272 488 1332 floruimus,
499 1272 541 1321 sed
550 1272 595 1321 flos
606 1288 656 1321 erat
665 1273 706 1321 ille
718 1270 820 1321 caducus
830 1289 837 1330 ς

208 1350 363 1414 Flammaque
373 1348 404 1398 de
413 1348 499 1414 stipula
507 1350 586 1398 nostra
596 1350 719 1415 brevisque
730 1349 785 1397 fuit.
831 1382 833 1387 .
906 1350 938 1392 ⁸⁴0

175 1427 244 1478 Neve
256 1443 336 1476 tamen
344 1426 396 1476 toti
407 1430 485 1491 capias
495 1425 545 1475 fera
555 1425 642 1492 gaudia
652 1442 749 1489 mente,

167 1513 170 1519 '
209 1506 268 1555 Non
278 1506 311 1554 est
319 1504 430 1569 placandi
441 1507 490 1570 spes
500 1508 561 1554 mihi
571 1504 638 1555 nulla
647 1502 704 1567 Dei.

176 1583 224 1633 Vel
235 1586 291 1649 quia
301 1586 398 1648 peccavi
408 1586 467 1631 citra
474 1582 564 1643 seclum
575 1599 648 1650 utque
658 1583 750 1649 pudore

209 1660 268 1711 Non
281 1676 346 1710 caret
352 1696 360 1721 ‚
371 1659 462 1711 invidia
473 1663 505 1710 sic
515 1677 569 1711 mea
579 1662 648 1727 culpa
657 1678 735 1711 caret:

176 1736 224 1789 Vel
237 1744 293 1806 quia
305 1740 339 1789 nil
352 1737 477 1805 ingemad
488 1737 561 1789 finem
573 1740 635 1789 Solis
644 1742 675 1789 ab
685 1756 757 1797 ortu,
910 1746 936 1791 25

209 1817 275 1878 Illo,
291 1823 330 1867 cui
341 1832 427 1885 paret,
443 1821 525 1867 mitius
534 1819 599 1867 orbis
610 1820 691 1870 habet.

95 1945 97 1948 ,
178 1896 274 1946 Scilicet
281 1912 308 1947 ut
318 1898 411 1947 nonest
421 1900 522 1961 pervim
536 1896 673 1961 superabilis
683 1898 743 1959 ulli,

210 1975 289 2025 Molle
302 1992 345 2024 eor
356 1972 386 2023 ad
398 1972 493 2023 timidas
504 1977 538 2022 sic
548 1975 620 2023 habet
630 1974 671 2023 ille
681 1992 770 2041 preces.

178 2052 342 2117 Exemploque
352 2050 433 2101 Derim
442 2086 451 2110 ,
461 2051 547 2116 quibus
557 2049 688 2101 acceffurua
700 2056 725 2101 &
735 2055 783 2119 ipse
794 2055 842 2114 est,

213 2129 278 2181 Cum
286 2146 363 2196 prena
373 2129 444 2179 venii
452 2128 521 2193 plura
534 2127 642 2193 roganda
650 2144 740 2194 petam.
911 2146 938 2191 30

125 2249 129 2258 ,
180 2210 206 2259 Si
221 2224 330 2258 numeres
341 2224 404 2257 anno
416 2206 481 2257 Soles
493 2209 517 2254 δι
530 2206 614 2256 nubila
624 2221 695 2267 turo,

197 2338 201 2345 ,
213 2288 321 2337 iuvenies
331 2283 436 2335 nitidum
446 2285 529 2353 sapius
539 2280 584 2333 iffe
597 2282 671 2333 diem.

179 2367 261 2433 Ergo,
273 2382 304 2414 ne
314 2362 393 2415 nostri
403 2361 505 2412 nimium
517 2362 596 2411 laetere
607 2362 689 2413 ruini:

211 2444 311 2494 Restitui
321 2440 445 2509 quondam
454 2457 493 2489 me
507 2457 603 2507 quoque
617 2438 682 2506 posse
692 2456 760 2509 puta.

179 2519 248 2571 Poffe
265 2536 322 2584 pura
332 2520 399 2573 fieri,
414 2518 489 2568 lenito
501 2518 625 2583 Principe,
639 2521 719 2570 vultus
760 2553 762 2557 -
913 2539 937 2587 35

213 2598 249 2647 Ut
261 2596 341 2647 videar
353 2594 433 2655 medii
443 2594 512 2643 tristis
523 2596 548 2643 in
565 2595 630 2645 Urbe
644 2616 728 2649 meos:

181 2677 263 2742 thue
272 2691 317 2742 ego
326 2689 349 2723 te
359 2672 455 2722 videam
466 2670 535 2721 causi
545 2676 654 2735 graviore
665 2676 783 2741 fugatum.

214 2757 272 2807 nac
281 2756 338 2804 sunt
350 2768 363 2803 a
373 2753 455 2816 primis
465 2751 576 2816 proxima
585 2767 642 2805 vota
653 2756 721 2805 mihi.

485 2956 584 3026 *W
