2325 3959
295 415 437 503 Eram,
460 436 517 491 tx
536 420 690 488 Ponto
714 420 754 489 L.
779 419 848 489 IV.
876 424 945 506 369

221 535 274 592 Nec
289 546 370 593 vincet
384 544 473 592 sevum
486 540 595 607 Cyclops
612 541 707 593 feritate
723 543 851 605 Phyacen,

256 618 305 679 Qui
320 634 395 685 quota
411 621 509 669 terroris
523 636 575 683 pars
592 620 653 669 solet
671 618 718 669 elle
736 620 800 670 mei!

220 694 303 757 Scylla
313 696 368 745 seris
380 712 465 746 trunco
475 694 542 763 quod
554 697 625 747 latrat
637 700 766 761 ininguine
776 696 885 746 monstris
892 712 900 753 ;
948 698 977 746 ²5

256 772 387 823 Heniochae
404 777 482 823 nautis
496 774 549 839 plus
563 791 667 824 nocuere
683 791 755 824 rates.

222 846 275 899 Nec
286 866 355 916 potes
370 852 460 901 infestis
475 852 585 903 conferre
601 851 745 915 Charybdin
758 852 870 912 Achaeis,

196 986 199 989 ,
256 931 305 981 Ter
321 930 377 979 licet
388 946 486 997 epotum
500 946 535 980 ter
550 944 635 981 vomat
650 929 693 981 illa
708 930 807 982 fretum.

221 1004 270 1067 Qui
283 1024 429 1074 quamquam
442 1008 523 1058 dextri
538 1012 635 1073 regione
647 1009 758 1059 licentius
774 1022 875 1067 errant,

256 1084 370 1133 Securum
386 1085 448 1135 latus
463 1088 510 1136 hoc
528 1102 579 1135 non
592 1102 673 1136 tamen
686 1084 733 1135 elle
746 1089 838 1135 sinunt.
949 1100 980 1143 30

219 1158 272 1211 Hic
288 1164 338 1225 agri
351 1161 475 1213 infrendes
490 1182 496 1211 ε
514 1162 554 1213 hic
570 1164 661 1228 spicula
679 1166 751 1213 tinsta
764 1165 861 1213 venenis
881 1180 889 1210 s

257 1237 305 1288 llic
320 1238 381 1291 freta
397 1241 437 1289 vel
453 1240 528 1305 pediti
543 1245 625 1306 pervia
640 1240 719 1291 reddit
736 1244 823 1290 hiems.

222 1316 259 1367 Ut
270 1352 278 1377 ,
293 1316 341 1382 qual
351 1334 429 1366 remus
439 1321 484 1367 iter
494 1317 567 1383 pulsis
580 1316 656 1367 modd
666 1318 757 1368 fecerat
767 1315 836 1367 undis
845 1350 855 1377 ‚

256 1396 335 1444 Siccus
352 1394 475 1444 contemti
493 1412 552 1444 naue
569 1399 648 1445 viator
659 1411 707 1445 eat.

222 1472 272 1533 Qui
284 1474 383 1521 veniunt
393 1472 478 1532 istinc,
489 1476 529 1523 vix
539 1488 582 1524 vos
594 1489 621 1522 ea
632 1471 726 1523 credere
738 1471 832 1521 meunt.
949 1490 978 1537 35

255 1548 336 1609 Qurlm
348 1550 421 1597 miser'
432 1549 481 1609 est,
495 1552 536 1615 qui
550 1548 598 1598 fert
609 1551 728 1613 asperiora
739 1547 799 1597 fide!

223 1624 305 1680 Crede
317 1642 397 1677 tamen
409 1645 414 1676 s
427 1642 470 1675 nec
483 1641 505 1675 re
517 1628 599 1675 causas
607 1629 696 1677 nescire
707 1632 829 1687 sinemus,

256 1703 360 1755 Horrida
372 1708 529 1766 Sarmaticum
541 1722 583 1755 cut
595 1722 660 1753 mare
672 1704 741 1755 duret
753 1708 839 1755 hiems.

223 1784 335 1835 Proxima
347 1785 402 1833 sunt
412 1785 482 1833 nobis
494 1784 591 1848 plaustri
604 1782 715 1833 ducentia
727 1785 831 1833 formam
837 1820 849 1847 ,

255 1862 286 1911 Et
296 1878 348 1926 quae
360 1864 505 1925 praecipuum
516 1858 593 1908 sidera
603 1860 678 1925 frigus
689 1863 792 1911 habent.

222 1938 286 1990 Hinc
298 1941 373 1987 oritur
383 1938 486 1996 Boreas,
499 1930 594 2001 olaeque
605 1935 749 1987 domesticus
759 1940 816 1987 huic
827 1938 874 1999 cst,

256 2017 288 2065 Et
302 2017 376 2064 sumit
386 2017 447 2063 vires
459 2031 473 2061 a
483 2015 595 2077 propiore
608 2012 675 2064 loco.

221 2096 256 2147 At
267 2094 364 2153 Notus,
377 2090 475 2141 adverso
486 2088 594 2155 tepidum
606 2093 647 2155 qui
659 2092 732 2155 spirat
742 2092 771 2140 ab
784 2109 826 2142 ase
837 2128 846 2154 ,

250 2172 293 2221 ·Est
304 2170 404 2237 procul,
417 2174 517 2219 &rarus
529 2165 713 2233 languidiorque
727 2172 803 2221 venit.

220 2247 290 2305 Adde
301 2246 368 2315 quod
378 2246 418 2295 hic
429 2246 509 2295 clauso
521 2248 649 2295 miscentur
661 2245 761 2296 flumina
772 2249 870 2309 Ponto,
945 2280 974 2324 45

253 2316 359 2380 Vimque
371 2310 459 2361 fretum
469 2312 548 2361 multo
559 2310 639 2376 perdit
649 2313 680 2363 ab
691 2329 761 2361 amne
770 2315 847 2363 suam.

220 2393 274 2445 Huc
281 2394 357 2457 Lycus
365 2396 425 2453 ,huc
434 2394 540 2458 Sagaris,
548 2392 691 2459 Peniusque,
699 2392 868 2459 Hypanisque,
878 2390 992 2463 Cratesq3

254 2468 354 2529 influit,
368 2474 392 2519 δι
404 2470 487 2518 crebro
498 2472 591 2519 vortice
602 2485 679 2519 tortus
691 2468 766 2533 llalys
779 2489 788 2518 ,·

221 2548 407 2613 Partheniusque
419 2564 510 2610 rapax,
525 2552 550 2595 hc
566 2548 666 2598 volvens
684 2550 739 2600 sara
756 2548 867 2615 Cynapes

255 2622 369 2682 Labitur,
382 2626 407 2670 hc
418 2621 487 2669 nullo
499 2618 589 2669 tardior
600 2638 669 2671 amne
680 2625 766 2686 Tyras.
947 2621 984 2699 5⁰¹

222 2699 254 2751 Et
266 2688 307 2761 tu',
321 2698 430 2748 feminea
442 2694 601 2745 Thermodon
612 2702 707 2761 cognite
718 2716 801 2753 turmae
812 2722 820 2763 3

256 2778 288 2828 Et
298 2774 422 2843 quondam
433 2776 528 2837 Graiis,
540 2774 626 2833 Phasi,
637 2777 712 2838 petite
722 2781 788 2827 viris.

947 1902 981 1943 40

86 2836 87 2889 l
130 2884 139 2892 -
222 2856 336 2922 Cumque
347 2852 504 2915 Borysthenio
516 2849 688 2917 liquidissimus
699 2870 769 2904 amne
777 2854 910 2923 Dyraspes,

255 2932 286 2981 Et
294 2928 365 2981 tacite
374 2944 487 2994 peragens
498 2926 551 2975 lene
561 2928 700 2979 Melanthus
710 2933 764 2981 iter.

222 3013 318 3077 Quique
332 3006 390 3060 duas
402 3023 489 3067 terras,
504 3006 585 3057 Asiam
600 3008 739 3077 Cadmique
753 3013 860 3064 sororem
944 3034 971 3083 55

254 3091 367 3156 Separat,
386 3090 412 3137 hc
428 3086 508 3138 cursus
520 3087 584 3136 inter
599 3101 725 3156 utramque
739 3089 808 3141 facit.
984 3079 990 3092 “

772 3172 834 3241 ov
