2325 3959
278 403 349 484 296
420 397 463 465 P.
495 398 652 465 Ov11>11
683 369 888 467 nimiis

308 518 406 567 Ducam
419 519 534 569 ruricolas
544 521 653 585 subjuga
665 519 743 586 panda
753 522 836 571 boves.

231 587 257 633 55
277 595 308 644 Et
319 593 427 656 discam,
438 598 518 646 Getici
530 614 584 663 qna·
599 601 680 649 norint
691 600 762 648 verba
771 600 869 663 juvenci
881 632 895 658 ,

309 670 416 723 Affuetas
426 674 474 723 iliis
483 673 643 741 adjiciamque
654 680 738 729 minas.

278 749 343 814 ipse,
354 767 428 801 manu
438 752 551 817 capulum
562 757 640 818 prensi
650 753 788 803 moderatus
797 754 870 805 aratri
880 786 894 812 ,

311 828 424 893 Experiar
436 830 505 880 moti
517 833 625 895 spargere
640 833 720 881 semen
734 835 822 881 hunno.

280 905 333 957 Nec
343 905 452 958 dubitem
462 908 541 973 longis
552 924 651 973 purgare
662 910 783 973 ligonibus
792 924 864 961 arva»

234 987 265 1024 ‘⁰
315 986 347 1037 Et
356 984 412 1036 dare
422 989 581 1052 iarn,sitiens
592 1004 650 1052 quas
661 988 727 1037 bibat
738 990 945 1049 hortus,aquas.
1074 1042 1075 1049 ἶ

281 1061 354 1113 Unde
363 1061 405 1117 sed
413 1066 460 1113 hoc
471 1064 556 1123 nobis,
567 1067 696 1113 minimum
708 1080 768 1130 quos
778 1068 840 1113 inter
852 1066 877 1113 &
893 1062 1010 1113 hostem
1074 1054 1075 1085 3

314 1139 451 1188 Discrimcn
460 1156 542 1189 murus
552 1140 679 1207 clausaque
695 1156 765 1206 porra
777 1140 850 1189 facit?

283 1217 315 1265 At
325 1216 370 1263 tibi
380 1217 500 1275 nascenti,
512 1215 579 1283 qnod
591 1232 644 1267 toto
656 1221 749 1283 pestore
759 1217 844 1278 lator,

315 1292 411 1343 Nerunt
423 1293 507 1344 fatales
518 1294 592 1345 fortia
604 1293 646 1343 fila
658 1294 725 1349 θεὲ,
758 1296 762 1301 ’

236 1383 264 1439 ⁶5
284 1371 320 1420 Te
331 1369 407 1421 modo
415 1370 616 1440 Campushabet,
628 1370 1019 1438 densaimoeiisporticusumbri·¹

213 1509 215 1513 ι
318 1448 405 1510 Nunc,
415 1452 443 1499 iu
453 1466 502 1516 quo
515 1453 584 1515 ponis
595 1464 704 1515 tempora
713 1467 783 1512 rara,
794 1452 895 1501 Forum.

286 1526 388 1576 Umbria
400 1544 464 1577 nunc
477 1542 575 1579 revocat
589 1546 596 1577 r
613 1544 717 1578 necnon
731 1527 822 1577 Albana
836 1543 974 1593 petentem

317 1606 396 1670 Appia
409 1606 510 1656 ferventi
524 1602 592 1655 ducit
608 1608 633 1653 in
649 1622 705 1655 arva
723 1605 785 1655 rori.

288 1684 397 1731 forsitan
406 1680 447 1731 hic
460 1697 543 1747 optes,
556 1696 582 1731 ut
592 1682 676 1746 justam
689 1684 819 1747 supprimat
828 1685 892 1732 iram

241 1767 272 1810 70
323 1759 422 1817 Cassan
439 1762 464 1807 ic
483 1761 614 1824 hospitium
631 1763 661 1808 sit
679 1760 890 1811 tuavillanreum.

288 1838 340 1887 Ah!
349 1839 452 1887 nimium
460 1836 508 1895 eii,
516 1835 695 1903 quod‚amice‚
704 1836 1016 1905 perinmoderniusopm

323 1915 354 1964 Et
365 1917 432 1974 voti,
444 1916 523 1981 queso
533 1950 541 1975 ‚
552 1918 667 1965 contrahe
676 1915 729 1965 vcia
742 1919 787 1965 tui.

291 1992 365 2041 Terra
376 1992 451 2042 velim
465 1996 578 2057 propior,
596 1992 704 2058 nuliique
715 1995 818 2043 obnoxia
830 1993 895 2043 bello
903 2028 914 2049 ,

324 2070 401 2119 Detur
416 2089 423 2119 r
439 2073 486 2119 erit
501 2069 586 2119 nostris
599 2085 653 2136 pars
668 2072 732 2119 bona
748 2068 829 2121 demta
845 2072 929 2121 malis.

310 2170 995 2272 a=====mqess--,

425 2343 881 2408 Enrsuouurn

427 2467 429 2472 ’
505 2488 804 2551 Maximo

370 2664 388 2701 u
399 2662 420 2699 ru
441 2650 501 2699 mihi
515 2648 546 2700 de
560 2665 629 2716 rapto
648 2665 688 2700 tua
702 2652 768 2700 venit
784 2648 882 2714 epistola
892 2648 968 2701 Celso

362 2725 472 2775 Protinus
483 2725 515 2774 est
526 2725 638 2787 lacrymis
648 2722 746 2773 humida
759 2724 818 2771 faiis
829 2725 898 2771 meis.

298 2800 418 2868 Quodque
426 2802 492 2852 nefas
503 2800 583 2862 diuo,
595 2801 647 2851 ficri
657 2817 700 2850 uec
708 2799 774 2866 poffe
784 2803 883 2865 putavi,

331 2883 414 2931 Invitis
430 2880 507 2931 oculis
522 2881 590 2935 litera
607 2880 666 2927 terta
680 2894 721 2927 tua
737 2878 778 2927 est.

270 2964 280 3012 5
300 2961 352 3012 Nec
369 2957 501 3027 quidquam
517 2956 549 3008 ad
565 2958 654 3007 nostras
674 2955 782 3021 pervinit
799 2955 903 3004 acerbius
922 2971 1008 3018 aures,

332 3039 368 3088 Ut
385 3039 464 3086 sumus
481 3041 507 3085 in
520 3036 599 3085 Ponto
609 3052 617 3093 3
629 3037 814 3101 perveniatque,
830 3046 919 3095 precor.

302 3120 363 3167 Ante
379 3132 445 3167 meos
461 3114 545 3165 oculos
561 3128 675 3180 tanquam
689 3112 809 3178 praesenris
825 3111 907 3173 imago
