2325 3959
272 461 339 546 184
410 457 453 526 P.
482 459 638 527 Ovrorr
662 461 857 529 NAionrs

220 572 250 608 ²0
299 574 438 630 Threiciam
451 585 530 646 tetigit
542 579 600 631 fella
611 586 690 632 carina
700 585 798 632 Samon.

267 656 345 706 Saltus
355 658 385 708 ab
395 661 439 709 hac
453 659 514 708 terra
524 661 601 709 brevis
613 661 646 708 est
657 662 779 726 Tempyra
790 659 892 726 petenti.

300 733 350 783 Hac
361 733 487 784 dominum
498 745 566 786 tenue
577 737 609 785 est
618 736 660 786 illa
667 738 747 786 secuta
754 739 832 786 suum.

267 805 331 856 Nam
342 811 402 858 mihi
412 809 528 858 Bistonios
541 811 631 875 placuit
641 810 702 876 pede
714 829 809 877 carpere
820 822 938 876 campora

299 885 502 951 Hellespontiacas
512 886 554 936 illa
564 886 662 952 reliquit
672 905 753 954 aquai.

218 959 246 1007 ²5
266 960 459 1029 Dardaniamque
466 962 539 1030 petit,
551 968 652 1014 audieris
662 982 751 1016 nomeu
759 967 906 1024 habentem,

299 1038 330 1086 Et
341 1053 363 1087 re
375 1039 496 1098 ruricoli,
508 1039 566 1089 Lam
570 1041 638 1104 psace
648 1073 656 1100 ,
668 1056 720 1089 tuta
730 1041 793 1088 Deo.

185 1136 188 1146 <
266 1115 367 1180 Quique
376 1133 417 1180 per
427 1117 533 1181 angustas
543 1120 614 1167 vecie
620 1117 683 1166 male
694 1121 791 1182 virginis
802 1115 877 1166 undas

299 1195 379 1242 Seston
385 1193 500 1258 Abydeni
511 1197 602 1260 separat
612 1197 669 1245 urbe
681 1195 780 1245 fretum.

266 1269 376 1337 Hincque
387 1273 551 1337 Propontiacis
560 1276 691 1338 herentem
698 1272 808 1335 Cyzicon
815 1274 880 1330 otim

221 1357 250 1402 30
299 1349 426 1412 Cyzicon,
440 1350 572 1399 Haemoniae
583 1351 665 1399 nobile
675 1352 750 1415 gentis
762 1367 836 1414 opus:

266 1428 368 1494 Quique
379 1442 460 1478 tenent
470 1429 541 1477 Ponti
553 1429 666 1490 Byzantia
674 1428 745 1477 litora
754 1429 841 1477 fauces.

302 1507 364 1570 (Hic
379 1505 445 1554 locus
457 1505 489 1554 est
502 1509 593 1570 gemini
603 1510 675 1569 janua
684 1506 746 1555 vasta
757 1505 856 1570 maris.)

266 1581 337 1642 Haec,
358 1597 441 1646 precor
455 1585 586 1640 ‚evincac,
601 1580 758 1646 propulsaque
769 1580 871 1629 fortibus
882 1578 972 1628 Austris

300 1660 413 1708 Transeat
423 1657 542 1708 instabiles
552 1657 775 1720 strenuaCyaneas:
1098 1709 1100 1714 .

221 1741 246 1790 ³5
268 1737 451 1803 Thyniacosque
459 1742 538 1797 sinus,
551 1741 576 1787 &
590 1741 620 1786 ab
631 1741 667 1786 his
678 1756 719 1804 per
731 1739 848 1804 Apollinis
862 1739 946 1786 urbem
992 1765 996 1770 -
1098 1733 1100 1746 ³

298 1815 372 1873 Aua,
391 1817 433 1864 sub
450 1816 559 1865 Anchiali
575 1820 666 1865 moenia
681 1815 764 1866 tendat
776 1821 829 1866 iter.
1092 1783 1100 1888 l

266 1890 324 1941 Inde
338 1893 522 1942 Mesembriacos
533 1908 629 1958 portua,
645 1898 669 1943 &
680 1891 807 1953 Odeffon,
823 1897 921 1943 &arces

299 1972 423 2021 Praeterear
435 1970 507 2020 dicias
518 1976 631 2027 nomine,
642 1972 735 2023 Bacche
744 1987 821 2035 ‚ruoz
980 1961 981 1964 Ἴ

195 2073 198 2078 ⁸
267 2049 298 2098 Et
309 2066 373 2115 quoa
381 2049 491 2100 Alcathoi
505 2061 642 2100 'memorant
652 2066 666 2098 a
676 2052 795 2099 moenibus
806 2064 872 2099 ortos

218 2131 250 2173 40
300 2125 398 2176 Sedibus
408 2130 444 2176 hie
454 2127 584 2192 profugum
596 2126 742 2178 constituiil'e
753 2128 836 2176 larem.

267 2207 286 2254 A
297 2209 383 2271 quibus
397 2205 508 2258 adveniat
522 2203 636 2254 Miletida
646 2207 723 2270 sospes
734 2204 765 2255 ad
775 2207 873 2264 urbem,

300 2282 392 2332 Offanai
405 2282 455 2349 qud
467 2299 506 2331 me
514 2283 632 2346 compulit
642 2287 677 2333 ira
685 2283 740 2332 Dei.

267 2363 337 2410 Hanc
349 2365 368 2410 si
382 2364 510 2426 contigerit
522 2395 529 2420 ‚
542 2364 633 2410 merite
643 2360 713 2410 cadet
725 2374 784 2424 agna
794 2359 927 2416 Minervae3

299 2439 356 2489 Non
367 2440 424 2488 facit
435 2437 466 2488 ad
474 2439 562 2488 nostras
574 2441 650 2487 hostia
661 2442 738 2503 major
747 2453 813 2502 opes.
1028 2428 1060 2484 Q

210 2503 247 2574 '45
267 2519 317 2568 Vos
325 2533 421 2584 quoque
427 2513 584 2578 Tyndaridae,
598 2514 777 2581 quoahaeccolit
787 2512 979 2573 iusulnfrarres,

255 2606 257 2611 ·
299 2596 381 2653 Mire,
394 2610 497 2659 precor,
511 2591 603 2658 duplici
612 2607 702 2642 numen
708 2589 785 2640 adeste
794 2595 848 2641 via.

172 2701 174 2708 ι
267 2672 347 2722 Altera
357 2687 459 2738 namque
471 2686 537 2736 parat
549 2669 718 2736 Symplegadas
724 2673 759 2718 ire
769 2687 811 2735 per
818 2671 891 2718 atstas
901 2703 910 2728 ‚

300 2747 410 2798 Scindere
421 2748 534 2798 Bistonias
545 2747 619 2797 altera
628 2751 714 2813 puppis
725 2764 806 2813 aquai.

260 2827 317 2876 -Vos
326 2826 397 2876 facite
409 2861 418 2886 ,
432 2841 459 2875 ut
469 2840 570 2887 ventos,
582 2825 637 2874 loca
646 2825 702 2874 culm
714 2823 806 2875 diversa
820 2841 947 2892 petamus,

221 2916 250 2962 50
299 2905 345 2955 illa
355 2906 518 2969 suoshabeat‚
531 2919 575 2955 nec
586 2901 664 2956 ruinis
673 2903 788 2955 iliasuor.
