2325 3959
327 384 599 452 ansrrunr
629 378 732 447 Lrn.
774 376 819 445 V.
857 398 921 460 273

214 499 296 567 thue
306 502 441 551 solebamus
451 501 590 550 consumere
602 497 673 563 longa
685 494 808 564 loquendo

247 581 385 644 Tempora,
397 581 530 627 sermonem
542 574 668 625 deficiente
679 573 733 631 die,

103 716 107 721 ·
213 658 251 706 Sie
269 657 330 707 serat
344 671 371 705 ae
385 655 472 705 referat
483 658 564 703 tacitas
575 670 638 703 nunc
650 653 719 703 litera
728 669 811 703 voces:

245 735 277 783 Et
295 748 408 799 peragant
423 732 509 796 lingua
527 735 608 781 charra
621 746 751 796 manusque
761 733 833 779 vices.
945 733 975 781 ὃ·

212 808 287 871 Quod
297 810 365 869 fore,
375 826 405 858 ne
413 809 515 858 nimium
527 806 609 858 videar
618 805 742 862 diffidere,
750 810 828 873 sitque

244 886 356 935 Versibus
366 885 407 935 hic
424 888 504 951 paucis
516 882 665 935 admonuisse
677 885 749 934 satis:

210 963 315 1027 Accipe,
326 980 375 1029 quo
386 965 476 1028 semper
487 961 569 1011 finitur
584 961 683 1026 epistola
692 962 767 1012 verbo
777 994 787 1021 ,
877 1000 879 1005 ,

242 1042 321 1105 Atque
332 1043 391 1089 meis
404 1037 490 1089 distent
500 1054 526 1088 ut
536 1053 576 1089 tua
589 1039 655 1098 fata3
667 1039 735 1089 Vale.

187 1180 902 1255 .o·---··-³=a,Q=-=--n

360 1339 609 1400 nnnorn
650 1312 805 1401 x1v.'

211 1434 372 1563 Ouiana
390 1500 434 1549 tibi
446 1491 638 1547 dederint'nostri
651 1514 808 1550 monumenta
819 1498 910 1559 libelli,

240 1576 279 1625 O!
290 1579 350 1625 mihi
359 1593 398 1625 me
409 1579 498 1641 conjux
512 1578 606 1635 carior,
617 1577 668 1640 ipsa
682 1572 758 1626 videsss
800 1568 802 1571 ⁵

206 1652 324 1703 Detrahat
334 1656 423 1703 austeri
433 1653 537 1702 multum
549 1653 655 1701 Fortuna
666 1651 765 1713 licebit,

240 1731 278 1779 Tu
290 1745 370 1779 tamen
380 1731 477 1795 ingenio
486 1729 550 1779 clara
558 1726 632 1779 ferire
643 1745 707 1779 meo.

205 1806 319 1874 Dumque
329 1807 393 1872 legar
403 1840 412 1862 ‚
423 1822 521 1855 mecum
531 1809 619 1871 pariter
630 1820 671 1856 tua
681 1805 745 1857 fama
755 1807 845 1874 legetur
854 1826 860 1857 t
941 1827 951 1873 5

238 1884 290 1933 Nee
306 1900 373 1950 potes
382 1888 409 1935 in
426 1884 519 1933 maestos
530 1888 610 1933 omnis
620 1885 685 1933 abire
695 1901 776 1951 rogos.

207 1960 320 2027 Crlmque
329 1965 375 2012 viri
388 1963 443 2010 casu
452 1962 528 2025 possis
539 1958 673 2011 miseranda
684 1961 778 2025 videri,

239 2038 345 2089 Invenies
355 2038 464 2103 aliquas,
474 2053 526 2103 que
535 2071 544 2098 ,
552 2035 621 2103 quod
628 2055 668 2099 es,
679 2036 726 2088 effe
732 2041 822 2091 velint:

205 2115 265 2177 Quae
281 2129 320 2170 te,
330 2114 467 2164 nostrorum
477 2111 533 2163 crim
544 2116 575 2163 sis
585 2116 612 2163 in
621 2130 687 2179 parte
697 2115 817 2168 malorum
829 2136 837 2178 3

237 2192 343 2241 Eelieem
357 2190 455 2247 ditant,
466 2189 637 2257 invideantque
649 2195 703 2242 ribi.
939 2216 968 2249 ω

204 2269 262 2319 Non
272 2285 333 2335 ego,
345 2268 440 2321 divitias
451 2266 532 2319 dando
541 2268 602 2330 tibi,
614 2268 683 2335 plura
694 2268 818 2321 dedissem.

235 2347 278 2397 Nil
289 2347 349 2397 feret
360 2344 391 2396 ad
402 2362 483 2395 manes
494 2344 575 2414 divitis
587 2348 671 2397 umbra
683 2349 746 2397 suos.

202 2426 312 2490 Perpetui
323 2424 426 2474 frustum
438 2422 659 2475 losannensem
671 2422 762 2491 idque,

234 2503 290 2564 Quo
304 2502 360 2553 dare
370 2503 405 2552 nil
416 2508 485 2568 potui
494 2520 593 2555 munere
601 2508 694 2571 majus,
706 2504 789 2555 habes.

202 2577 288 2638 Adde,
300 2578 386 2645 quod,
402 2594 429 2629 ut
439 2596 518 2632 retum
528 2581 580 2631 sola
591 2597 615 2630 es
626 2581 701 2631 tutela
711 2596 835 2641 mearum,
940 2608 965 2653 ¹5

234 2653 273 2704 Ad
284 2669 307 2704 te
316 2671 368 2704 non
375 2657 440 2719 parvi
450 2658 516 2704 venit
521 2658 620 2707 honoris
628 2673 697 2707 onus.

203 2729 277 2792 Quod
283 2747 416 2796 numquam
425 2747 472 2781 vox
482 2731 515 2779 est
525 2729 555 2781 de
567 2747 590 2781 te
601 2749 655 2783 mea
665 2748 749 2797 muta,
761 2738 843 2801 tuique

233 2806 332 2857 Iudiciis
342 2804 413 2856 debes
424 2805 470 2857 esse
483 2808 581 2872 superba
590 2812 645 2860 viri.

202 2886 262 2945 Quae
270 2901 301 2934 ne
310 2886 364 2950 quis
371 2887 446 2949 possit
458 2888 583 2935 temeraria
593 2884 687 2947 dicere,
704 2889 803 2953 praesia:

233 2962 265 3012 Et
280 2965 367 3026 pariter
376 2964 442 3013 serva
449 2979 534 3029 meque
542 2966 655 3031 piamque
662 2963 745 3017 fidem.

202 3040 266 3091 Nam
283 3055 340 3103 tua,
351 3038 410 3094 duur
421 3041 544 3103 stetimus,
558 3047 622 3110 turpi
633 3045 683 3095 siue
694 3048 794 3096 crimine
807 3050 908 3103 mansit.

745 3127 776 3179 M
794 3145 810 3178 v
