2325 3959
266 380 407 447 Error.
425 392 482 445 mr
495 376 648 445 Ponro
666 378 705 447 t.
718 377 787 448 IV.
817 385 879 467 363

202 500 296 550 Alcides
306 500 376 565 capti
385 502 457 551 traxit
467 500 497 551 ab
509 499 624 549 OEchalid.

169 574 201 627 Et
212 576 303 634 modo,
319 578 416 638 Caesar,
428 579 522 637 Aiunt,
533 595 606 645 quem
616 581 690 629 virtus
701 577 795 630 addidit
806 578 884 638 astris,

202 658 328 705 sacrarunt
340 656 420 722 aliqui
431 660 614 723 carmina-parte
625 672 703 706 tuum.

169 738 194 784 si
205 733 264 800 quid
275 734 352 785 adhuc
362 738 434 799 igitur
444 738 506 790 vivi,
519 737 678 794 Germanice,
689 736 770 786 nostro
906 762 935 813 ⁶5

203 813 281 861 Restat
291 816 317 863 itt
326 817 441 878 ingenio,
453 816 539 865 serviet
549 830 621 862 omne
632 815 685 863 tibi.

169 890 229 941 Non
239 906 307 955 potes
317 890 424 941 officium
434 896 494 942 vatis
506 908 660 941 contemnere
669 906 736 943 vates
750 909 758 943 t

196 964 298 1033 Judicio
311 971 415 1031 pretium
428 983 464 1015 res
478 969 551 1015 habet
570 967 612 1018 ista
630 982 682 1017 tuo.

169 1041 245 1105 Quod
256 1046 301 1092 niai
312 1058 335 1093 te
344 1062 434 1093 nomen
447 1060 540 1096 tantum
552 1044 582 1095 ad
593 1050 685 1111 majora
694 1044 814 1103 vocalia,

203 1123 289 1174 Gloria
300 1123 419 1173 Pi'e'r'idum
437 1127 529 1175 summa
545 1126 638 1175 futurus
655 1144 715 1176 etas.
906 1135 938 1181 7ο

169 1200 217 1251 sed
229 1200 284 1251 dare
294 1206 418 1253 materiam
430 1206 514 1263 nobis,
527 1204 603 1270 quim
614 1209 733 1261 carmina,
745 1210 822 1273 majus
834 1225 841 1256 r

205 1280 257 1329 Nec
268 1294 348 1329 tamen
360 1298 388 1330 ex
399 1296 452 1331 toto
464 1282 569 1331 deserere
580 1283 623 1331 illa
633 1298 710 1347 potes.

169 1348 235 1409 Nam
247 1357 323 1409 modo
334 1358 398 1408 bella
409 1363 486 1424 geris,
497 1364 601 1409 numeris
613 1359 690 1411 modo
698 1362 770 1411 verba
780 1367 873 1411 co'e'rces
880 1380 889 1422 ς

203 1436 324 1503 Quodque
338 1438 389 1488 aliis
403 1455 463 1503 opus
479 1438 528 1499 est,
543 1440 590 1487 hoe
603 1440 647 1487 tibi
658 1437 728 1488 ludus
741 1444 795 1489 erit.

169 1516 252 1583 thue
260 1516 471 1572 necadcitharam,
478 1514 559 1566 necad
566 1517 840 1583 arcumsegnisrippollo
847 1520 891 1581 ell3
908 1533 936 1582 75

204 1594 251 1645 Sed
260 1599 325 1645 venit
337 1594 368 1645 ad
378 1598 452 1644 sacras
463 1611 548 1644 nervus
559 1608 659 1661 uterque
671 1612 755 1643 manus
768 1614 775 1645 a

170 1678 209 1725 Sic
222 1676 266 1724 ribi
276 1692 320 1723 nec
330 1672 410 1733 dour,
422 1688 465 1722 nec
475 1672 560 1723 desunt
571 1672 687 1739 Principis
697 1688 776 1735 artet;

204 1754 283 1802 Mixta
294 1750 334 1802 sed
345 1753 377 1801 est
387 1755 468 1801 animo
479 1769 534 1801 curn
545 1752 604 1801 Jove
615 1751 685 1801 Musa
696 1768 748 1813 tuq.

171 1833 231 1896 Quae
242 1836 357 1899 quoniam
368 1848 412 1881 nec
422 1848 466 1880 nos
477 1829 543 1880 unda
553 1832 676 1879 submovit
686 1831 715 1878 ab
726 1830 784 1887 illa,

203 1911 302 1977 Ungula
312 1912 434 1974 Gorgonei
445 1926 518 1975 quam
530 1923 588 1957 cava
599 1906 657 1956 fecit
666 1910 721 1972 equi
728 1941 740 1967 ,¹
905 1906 938 1955 a·

170 1990 262 2051 Prosit,
274 2003 394 2054 opemque
406 1985 466 2034 ferat
476 1987 616 2035 communia
626 1985 690 2033 sacra
702 1986 780 2034 tuerit

204 2072 283 2135 Atque
294 2065 371 2115 isdem
382 2063 462 2113 studiis
473 2058 611 2128 imposuiffe
621 2078 729 2110 manum.

95 2148 101 2158 '
171 2150 255 2199 Litora
251 2145 362 2277 §ellitis
365 2146 467 2193 nimium
478 2144 581 2209 subjeiia
592 2141 698 2192 Corallis

203 2226 239 2275 Ut
275 2222 347 2274 ndem
377 2220 723 2287 saevoseffugiamqueGetat,

171 2304 335 2369 Clausaque
318 2319 337 2351 st
349 2302 435 2350 misero
445 2304 521 2365 patrin
532 2300 580 2359 est,
593 2313 620 2348 ur
630 2316 706 2365 ponat
716 2302 742 2348 in
752 2296 817 2356 ullo,
905 2330 933 2393 ⁸5

203 2383 251 2443 Qui
263 2384 341 2430 minus
354 2380 458 2429 Ausonia
471 2376 541 2428 distet
552 2378 580 2427 ab
596 2378 679 2439 Urbe,
691 2376 756 2427 loco.

170 2460 242 2510 Unde
258 2474 308 2509 tuas
320 2462 409 2523 possim
427 2456 507 2507 laudes
523 2456 641 2506 celebrare
655 2471 778 2518 recentes,

204 2538 340 2599 Magnaque
354 2534 427 2597 quim
442 2534 543 2582 minimi
553 2534 614 2582 fasta
628 2534 715 2583 referre
729 2536 808 2587 mord.

172 2613 268 2675 Tangat
283 2625 310 2658 ut
321 2612 368 2658 hoc
378 2624 463 2657 votum
480 2610 602 2669 coelestia,
619 2626 672 2658 care
689 2612 776 2673 Suilli,

203 2691 329 2750 Numina,
341 2688 476 2752 prosocero
486 2702 552 2753 pane
561 2701 657 2751 precare
667 2698 710 2735 tuo
903 2732 937 2775 ,θ
