2325 3959
234 399 779 497 hirundininum.
818 405 861 488 65

153 514 249 568 Pallada
266 517 428 585 Cecropldae,
444 520 540 579 Minoia
556 518 631 571 Creta
645 519 767 580 Dianam,

186 596 320 647 Vulcanum
335 598 404 648 tellus
417 596 564 663 Hypsipylea
577 599 657 657 colit3

152 674 270 724 lunonem
286 678 389 740 Sparte,
406 672 608 741 Pelopeiadesque
621 676 748 737 Mycen23

185 751 322 817 Pinigerum
332 753 407 801 Fauni
417 752 528 801 Maenalis
539 768 581 801 ora
592 768 673 817 caput.

150 825 218 878 Matr
229 828 299 878 Latio
312 828 458 880 venerandus
470 843 520 879 erat
532 864 540 887 ‚
556 832 613 895 quia
623 827 732 895 presidet
739 830 819 877 urnis.
879 821 909 881 ⁸5

184 905 257 955 Arma
269 905 324 957 ferae
340 910 406 973 genti
417 924 514 973 remque
525 906 644 973 decusque
654 906 750 957 dabant.

150 978 222 1041 Quod
241 986 260 1033 si
275 983 430 1046 feneratae,
443 988 579 1051 peregrinos
589 988 679 1051 inspice
689 984 787 1045 sallon

180 1062 270 1115 Mensis
280 1069 305 1115 in
321 1069 357 1116 his
369 1070 441 1117 etiam
452 1071 551 1117 numine
562 1068 649 1118 Martia
659 1069 714 1116 erit.

147 1140 242 1191 Tertius
254 1143 350 1193 ¹lllsanis
362 1180 370 1203 ‚
386 1149 484 1211 quintus
495 1145 541 1195 fuit
551 1144 594 1193 ille
605 1145 718 1203 fallsasse

177 1220 261 1270 Sextus
277 1220 340 1286 apud
351 1222 471 1287 populos,
486 1224 589 1272 Hernica
604 1238 682 1283 terra,
699 1237 762 1272 tuor·
876 1208 911 1257 9⁰

144 1294 210 1346 Inter
221 1300 329 1347 Aricinos
341 1334 349 1357 ‚
367 1300 505 1365 Albanaque
520 1315 629 1363 tempora
639 1300 750 1349 constant

177 1374 293 1440 facisque
305 1376 423 1439 Telegoni
436 1381 528 1425 moenia
538 1378 599 1425 celsa
612 1393 695 1427 mann.

143 1448 264 1510 Quintum
275 1452 418 1512 Laurentes,
436 1454 472 1501 bis
483 1456 595 1519 quintum
606 1454 748 1519 AEqtricolua
757 1456 843 1519 asper,

176 1529 197 1577 Α
216 1530 291 1578 tribua
310 1530 374 1579 hunt
385 1534 490 1596 primum
503 1532 572 1581 turba
581 1531 696 1582 Curensis
704 1535 785 1582 habet.

140 1606 174 1656 Et
194 1608 238 1657 tibi
256 1624 312 1657 cum
328 1612 441 1673 proavis,
458 1608 526 1659 mr'lts
539 1610 657 1675 Peligne,
674 1611 767 1659 Sabinis
874 1600 904 1646 95

174 1684 297 1737 Convenit
309 1705 315 1735 z
327 1688 367 1735 hic
378 1690 444 1753 genti
454 1702 551 1753 quartus
563 1692 658 1755 utrique
668 1689 743 1744 Dens.

139 1764 258 1813 Romulus
272 1801 279 1821 ,
291 1768 334 1815 hos
346 1782 429 1815 omnes
446 1780 472 1815 ut
486 1770 592 1818 vinceret
608 1766 693 1817 ordine
704 1768 808 1828 saltem,

172 1844 297 1907 Sanguinis
314 1846 402 1892 attilori
418 1858 527 1909 tempora
543 1848 622 1909 prima·
631 1843 708 1895 dedit.

137 1920 193 1971 Nec
212 1918 315 1968 totidem
329 1934 440 1980 veteres,
462 1936 522 1987 quot
533 1937 597 1970 nunc
608 1922 710 1971 habuere
726 1919 855 1988 talendass

172 1998 217 2046 llle
233 2000 314 2046 minor
331 2002 431 2063 geminis
446 2000 565 2047 mensibus
584 2016 659 2047 annus
674 2013 733 2062 erat.

136 2074 257 2127 Nondum
275 2073 403 2125 tradideras
414 2078 484 2126 visitas
495 2078 624 2125 nidoribus
639 2091 714 2131 artes,

170 2152 282 2206 Graecia,
303 2148 434 2200 facundum
449 2186 457 2210 ‚
470 2149 513 2199 sed
522 2148 585 2199 male
595 2150 675 2211 sorte,
689 2168 772 2216 genus.

136 2228 185 2290 Qui
198 2231 257 2277 bene
265 2226 395 2293 pugnirar,
408 2228 542 2277 Romanam
553 2241 653 2275 noverat
664 2241 756 2285 artem3

167 2307 266 2356 Mittere
283 2308 325 2371 qui
342 2319 435 2370 poterat
453 2304 520 2369 pila,
536 2301 637 2353 disertus
658 2318 720 2353 erat.

133 2386 196 2447 Quis
213 2401 269 2434 tnnc
280 2398 322 2433 aut
333 2381 427 2447 Hyadas
438 2415 445 2440 ,
461 2396 502 2431 aut
514 2380 621 2431 Pleiadas
632 2382 754 2433 Atlanteas

166 2465 274 2523 Senserat
285 2497 294 2521 ,
309 2476 350 2511 aut
361 2464 470 2526 geminos
479 2458 528 2510 'elle
539 2463 583 2511 sub
593 2477 635 2509 axe
644 2462 714 2525 polos
725 2466 735 2512 l

133 2539 188 2592 Effe
200 2540 258 2591 duas
272 2540 353 2589 Arslor
362 2574 370 2599 ,
380 2555 481 2605 quarum
494 2537 621 2601 Cynosura
631 2554 727 2603 petatur

167 2616 271 2667 Sidoniis
283 2634 292 2674 ¹,
309 2616 409 2665 Helicen
427 2618 499 2680 Graia
510 2620 590 2666 carina
602 2622 692 2667 notet?

858 1990 904 2025 100

855 2377 898 2427 ¹05

133 2700 254 2762 Signaque
271 2708 323 2759 qne
341 2694 414 2759 longo
431 2693 502 2742 frater
517 2696 652 2758 pertenseat
668 2711 750 2757 anno,

167 2775 203 2823 lre
215 2788 256 2837 per
273 2773 322 2820 haec
334 2786 382 2820 uno
391 2774 470 2819 mense
482 2772 568 2819 sororis
579 2776 670 2837 equos?

133 2854 221 2904 Libera
239 2847 381 2906 currebant,
392 2852 416 2897 δι
428 2848 578 2899 inobservata
588 2866 729 2912 perannum

164 2928 247 2982 Sidera
258 2946 264 2975 t
278 2924 418 2983 constabat,
432 2923 473 2974 sed
485 2940 564 2975 tamen
574 2922 621 2974 effe
631 2926 706 2977 Deos.

130 3012 191 3066 Non
208 3007 245 3056 illi
257 3005 320 3055 coslo
337 3006 440 3053 labentia
454 3008 519 3069 signa
530 3007 668 3055 movebant.

164 3085 211 3143 Sed
228 3087 283 3138 sua:
296 3100 348 3153 qua
360 3100 474 3149 magnum
484 3082 581 3151 perdere
594 3087 685 3136 crimen
695 3097 754 3138 erat·
802 3088 805 3098 “

851 2759 897 2796 110
