2325 3959
499 408 671 476 luis.
875 401 941 489 389

258 537 298 591 Ell
314 538 370 593 data
384 538 497 592 Palladia
508 544 595 607 previa
606 538 701 605 duxque
711 538 766 590 rati·
868 561 869 564 ¹
930 590 933 594 ,

228 612 324 684 Quique
335 619 411 669 oeulis
423 622 515 679 caruit,
527 636 568 684 per
579 635 641 684 quos
651 615 715 667 mali
724 612 817 665 viderat
826 629 910 666 aurum
921 632 929 662 e

259 695 359 746 Inferias
372 712 430 746 nato
441 712 501 761 quos
512 695 580 746 dedit
591 698 650 745 orbs
661 708 754 760 pareus.

228 772 309 823 Pastor
319 788 346 823 ut
356 774 480 833 AEtuaeus,
492 776 530 823 cui
542 776 608 822 casus
618 788 673 823 unte
684 772 793 831 futuros,

257 850 369 901 Telemus
380 850 526 915 Eurymedes
536 854 681 914 vaticinatus
691 866 750 899 erar.
938 864 970 906 70

225 925 260 977 Ut
271 926 320 977 duo
330 928 453 989 Phinidae,
464 930 549 995 quibus
560 928 626 978 idem
638 927 720 977 lumen
732 926 838 988 ademit,

258 1004 307 1065 Qui
320 1004 401 1067 dedit,
413 1022 439 1056 ut
449 1008 576 1069 Thamyrae
587 1025 595 1055 s
606 1003 791 1071 Demodocique
802 1020 883 1071 caput.

176 1090 180 1092 “
230 1082 269 1131 Sic
280 1082 365 1148 aliquis
377 1098 416 1133 tus
427 1085 535 1134 membra
545 1086 625 1143 secet,
636 1084 749 1133 Saturnus
759 1098 786 1133 ut
796 1084 850 1133 illas

260 1161 384 1211 Subsecuit
394 1177 488 1227 partes,
500 1160 563 1211 uude
574 1175 667 1211 creatus
679 1174 737 1210 erat.

226 1238 279 1291 Nec'
289 1240 332 1288 tibi
344 1242 375 1288 sit
384 1240 471 1316 melior
482 1238 580 1297 tumidis
590 1239 717 1304 Neptunus
724 1242 750 1288 in
760 1235 830 1288 undis
837 1273 847 1293 ‚
949 1265 993 1313 275

261 1315 344 1377 Quum
355 1320 394 1365 cui
405 1318 459 1366 suut
470 1318 552 1366 subitae
563 1317 636 1367 frater
648 1320 672 1366 δι
683 1334 743 1366 uxor
754 1334 816 1367 aves.

226 1394 371 1459 Sollertique
380 1397 433 1444 vito
443 1428 451 1454 ,
463 1394 546 1444 lucere
557 1411 630 1460 quem
643 1395 716 1444 fracia
726 1409 848 1443 tenentem
896 1388 906 1402 ⁴

259 1472 372 1521 Membra
382 1475 439 1521 rutis
450 1471 553 1523 Semeles
563 1472 596 1521 eii
606 1474 717 1522 miserata
726 1473 801 1520 soror.

230 1550 278 1602 Vel
291 1565 348 1610 tua,
360 1566 389 1599 ne
401 1566 474 1615 paenae
484 1566 557 1616 genus
569 1552 616 1599 hoc
626 1552 767 1615 cognoverit
777 1562 850 1611 uuus,

260 1629 357 1679 Viscera
368 1626 466 1678 diversis
477 1625 544 1679 scissa
556 1628 663 1677 serantur
673 1630 748 1693 equis.
949 1640 996 1689 230

227 1706 274 1757 Vel
285 1722 352 1771 quae,
363 1709 405 1771 qui
415 1704 502 1755 redimi
514 1708 625 1755 Romano
636 1720 704 1771 turpe
714 1707 822 1771 putavit,

261 1782 353 1833 Aduce
365 1784 470 1833 Puniceo
482 1784 597 1849 pertulit,
608 1786 657 1849 ipse
667 1785 738 1834 seras.

230 1860 282 1911 Nec
294 1863 338 1911 tibi
351 1860 456 1911 subsidio
467 1864 498 1910 sit
507 1865 608 1926 praeseus
619 1879 708 1911 numen
719 1878 764 1912 sut
773 1864 829 1926 illi,

262 1938 311 1989 Cui
321 1938 381 1987 nihil
393 1938 477 1988 Hercii
487 1939 579 2003 profuit
590 1954 630 1988 ara
639 1940 713 1990 Jovis.

232 2015 314 2081 thue
326 2014 395 2067 dedit
404 2016 476 2067 saltus
490 2032 502 2065 e
514 2018 615 2067 Summo
626 2015 751 2066 Thessalus
762 2018 835 2079 Ossi;
952 2013 994 2074 285

263 2094 303 2143 Tu
314 2110 411 2160 quoque
423 2096 505 2143 saxoso
516 2097 663 2160 precipitete
672 2099 738 2161 jugo.

231 2172 280 2223 dut
290 2172 357 2222 velut
368 2171 482 2235 Euryali,
494 2175 535 2238 qui
546 2175 666 2237 sceptrum
677 2176 741 2238 cepit
751 2173 781 2222 ab
791 2172 852 2233 illo,

263 2253 317 2300 sint
327 2265 390 2300 artus
402 2249 477 2301 avidis
489 2253 605 2316 anguibus
615 2253 667 2300 esca
677 2255 721 2300 tui.

230 2328 278 2380 vel
289 2344 330 2378 tua
342 2343 460 2383 maturet,
471 2332 532 2378 sicut
542 2330 639 2379 Minoia
650 2329 717 2389 fata,

263 2404 309 2453 Pet
317 2418 388 2469 caput
396 2400 480 2451 inlusae
490 2400 596 2450 fervidus
605 2404 694 2451 humor
703 2417 787 2468 aquaee
948 2429 993 2471 290

233 2480 317 2547 thue
329 2496 415 2545 purum
424 2482 494 2533 miri,
507 2477 548 2528 sed
560 2495 611 2528 nou
621 2483 735 2545 impune,
745 2481 916 2540 Prometheus,

264 2560 345 2609 A'e'riss
355 2556 463 2605 volucres
474 2558 587 2620 sanguiue
598 2556 658 2606 fixus
665 2558 722 2606 alas.
781 2623 783 2626 Ι

232 2635 268 2689 Ac
277 2670 286 2697 ,
296 2634 365 2685 velut
376 2632 497 2683 Etratides
509 2648 600 2698 magno
610 2649 646 2683 ter
655 2636 686 2684 ab
696 2635 799 2685 Hercule
810 2640 923 2703 quintus,

265 2711 348 2763 Caesus
358 2714 384 2759 iu
394 2712 539 2759 immensum
550 2714 676 2775 projiciam
687 2711 784 2762 fretum.

236 2790 304 2849 Aut,
317 2804 344 2838 ut
355 2785 531 2851 Amyntiaden,
544 2791 607 2852 turpi
619 2786 718 2838 diler
728 2804 810 2840 amore
957 2819 1001 2870 ,95

267 2864 354 2915 Oderit
364 2899 372 2925 ,
385 2868 410 2914 δι
422 2865 483 2916 saevo
493 2865 602 2915 vulneret
611 2868 664 2915 ense
674 2882 741 2931 puer.

237 2942 289 2995 Nec
300 2943 344 2991 tibi
354 2941 403 2991 sida
415 2946 490 3008 magis
499 2945 594 2994 misceri
603 2942 691 3009 pocula'
700 2946 808 3009 possint,

268 3018 350 3081 Quim
361 3022 403 3085 qui
414 3023 539 3086 cornigero
550 3019 581 3072 de
590 3022 650 3073 love
660 3036 729 3072 ustus
739 3037 798 3072 etat.

237 3096 308 3153 More
317 3096 356 3153 tel
366 3099 466 3149 intereas
477 3102 541 3166 capti
551 3100 675 3166 suspensus
683 3100 765 3153 Achei
775 3134 783 3157 ‚

769 3178 838 3251 isui
