2325 3959
246 370 741 439 Tursrrunzrn.1V.
782 396 850 459 239

136 485 200 537 Nam
213 482 291 556 neque
305 493 420 556 jadiantur
430 488 561 540 moderatis
569 508 665 557 aequora
675 495 767 541 ventis:

84 569 89 576 ’
169 568 220 619 Nec
232 570 338 635 placidos
349 587 431 637 portus
442 574 536 637 hospita
546 575 612 621 navis
621 570 681 625 adit.

138 648 198 696 Sunt
207 651 270 697 circa
281 665 378 714 gentes,
398 666 451 716 quae
467 648 571 715 predam
586 650 699 713 sanguiue
710 664 832 715 querant:

169 724 220 774 Nec
232 730 310 775 minus
321 726 396 777 infidi
406 742 467 776 terra
478 731 575 779 timetur
592 728 662 796 aqui.
867 724 900 769 ‘¹0

135 802 193 861 llli,
211 820 272 870 quos
282 803 349 854 audis
361 807 487 853 hominurn
498 804 600 870 gaudere
611 819 695 851 cruore
705 836 713 862 ‚
917 796 920 803 ¹

171 882 239 929 Preue
250 883 292 930 sub
303 880 409 945 ejusdem
419 880 501 931 sideris
513 898 554 930 axe
567 887 656 946 jacent.

135 954 188 1003 Nec
201 958 285 1020 procul
294 974 307 1006 a
317 958 386 1006 nobis
400 958 466 1007 locus
479 957 511 1006 est
519 992 527 1017 ,
547 959 588 1006 ubi
607 958 709 1005 Taurica
720 954 772 1003 diri

168 1033 241 1083 Caedc
259 1037 399 1100 pharetrate
409 1038 512 1101 pascitur
521 1052 560 1084 ara
572 1034 638 1087 Deae·

134 1110 191 1165 Huc
206 1111 288 1176 priris,
301 1128 328 1161 ur
338 1128 474 1161 memorant
486 1147 494 1171 ‚
512 1128 562 1165 uon
574 1110 694 1160 invidiosa
706 1108 834 1168 nefandis,
870 1128 897 1179 (5

167 1189 219 1237 Nec
233 1190 350 1255 cupienda
362 1191 444 1248 bonis,
459 1204 532 1254 regua
544 1190 662 1237 Thoantis
676 1204 751 1239 erant.

133 1265 181 1315 Hic
198 1284 241 1330 pro
259 1268 380 1331 suppositi
389 1271 458 1331 virgo
469 1267 583 1331 Pelopeia
594 1266 664 1315 cervi

166 1345 236 1392 Sacra
253 1342 311 1396 Deae
323 1345 398 1393 coluit
406 1344 590 1415 qualiacumque
601 1346 655 1393 suae.

133 1417 191 1477 Quo
202 1420 254 1483 poll
264 1420 353 1487 quim,
366 1419 466 1469 dubium
477 1424 529 1488 pius
541 1436 571 1484 au
586 1420 728 1481 sceleratus,
739 1422 832 1473 Orestes

165 1497 265 1547 Exaiiue
278 1500 350 1549 Furiis
359 1514 456 1549 venerat
466 1501 515 1570 ipse
526 1500 590 1557 suis,
867 1517 898 1559 7⁰

131 1572 164 1623 Et
182 1592 263 1625 comer
274 1578 409 1642 exemplum
420 1581 470 1633 veri
485 1576 591 1626 Phoeiue
601 1577 703 1632 amoris;

170 1654 219 1713 Qui
231 1653 279 1704 duo
290 1657 429 1720 corporibus
440 1689 448 1714 ‚
460 1657 581 1704 ruentibus
598 1670 658 1703 uuus
668 1667 751 1710 erant3

131 1730 242 1780 Protinus
256 1735 341 1786 evincii
352 1734 440 1782 Triviae
448 1731 568 1782 ducuntur
578 1730 609 1781 ad
619 1747 700 1787 aram,

165 1810 225 1869 Quae
235 1809 309 1860 stabat
319 1814 426 1879 geminae
435 1826 491 1860 ante
501 1826 599 1864 cruenta
608 1808 680 1858 fores.

131 1885 184 1941 Nec
192 1902 271 1937 rumen
279 1892 342 1938 huuc
353 1892 393 1942 sua
400 1904 464 1939 mors
473 1924 481 1947 ,
490 1904 534 1938 uec
542 1904 607 1939 ruore
614 1889 654 1935 suu
664 1890 748 1936 terruit
758 1885 842 1937 illumi
863 1916 892 1962 75

166 1966 232 2016 Alter
241 1968 274 2016 ob
286 1968 381 2016 alterius
389 1967 472 2015 Funera
484 1966 576 2015 maestue
588 1980 646 2013 erar.

130 2042 164 2093 Et
178 2046 227 2107 jum
240 2045 378 2095 constiterat
388 2039 466 2093 strido
476 2060 591 2092 mucrone
600 2039 723 2098 sacerdos,

164 2121 280 2172 Cinxerat
293 2126 318 2177 ὃς
329 2123 412 2186 Graias
424 2122 522 2169 barbara
531 2124 594 2171 vitta
607 2134 688 2167 cornus
702 2136 707 2165 :

131 2197 199 2249 Crim
212 2202 264 2266 vice
274 2202 387 2248 sermonis
399 2199 497 2251 fratrem
509 2201 626 2262 coguovit
638 2232 646 2254 ‚
658 2200 682 2245 ὅ(
695 2195 733 2249 illi

166 2278 212 2325 Pro
223 2294 280 2327 nece
293 2278 432 2343 complexus
446 2279 568 2342 Iphigenia
578 2274 655 2325 dedit.
863 2283 894 2330 80

130 2355 191 2403 Leta
209 2355 264 2405 Deae
274 2360 386 2421 signum,
399 2354 505 2405 crudelia
515 2358 578 2403 sacra
587 2355 675 2418 perosa
685 2386 694 2410 ,
767 2391 772 2401 ,

164 2434 295 2483 Transtulit
304 2452 331 2484 ex
340 2436 386 2483 illic
399 2464 407 2493 ,
426 2438 451 2483 in
462 2434 577 2491 meliora,
591 2434 659 2480 locis.

128 2511 187 2560 Haec
199 2515 271 2575 igitur
281 2516 347 2577 regio
359 2547 367 2571 ‚
379 2515 460 2577 magni
470 2512 599 2576 penetralia
610 2507 694 2561 mundi
707 2544 716 2570 ‚

166 2590 249 2648 Quim
260 2590 340 2655 lugere
351 2593 460 2638 homines
467 2590 562 2655 Dique,
576 2591 710 2652 propinqua
719 2589 779 2637 nrihi
790 2589 831 2642 est.

129 2668 211 2731 Atque
222 2682 299 2714 meum
311 2682 397 2714 terram
408 2683 482 2731 prope
492 2668 546 2714 sunt
557 2665 664 2713 funebria
677 2666 740 2717 sacra
752 2702 760 2725 ,
862 2677 889 2736 ες

166 2748 190 2791 Si
203 2741 278 2792 modo
293 2743 383 2791 Nasoni
398 2746 496 2794 barbara
512 2758 574 2797 terra
587 2745 630 2807 suu
641 2743 682 2791 est.

131 2821 155 2869 0
167 2822 174 2869 Ξ
198 2823 290 2870 utinam
301 2824 383 2874 venti,
397 2822 483 2886 quibus
494 2822 527 2869 est
536 2820 628 2869 ablatus
638 2818 743 2881 Orestes,

164 2900 263 2956 Placaro
273 2934 282 2959 ,
294 2899 398 2950 referant
408 2904 495 2950 &mea
503 2898 575 2954 uela,
588 2898 658 2955 Deol
