2325 3959
236 409 378 475 Errsr.
394 424 450 476 nx
461 406 615 473 Pouro
629 406 666 473 L.
680 408 760 474 m.-
783 431 845 496 331

109 529 181 580 Sint
195 533 244 581 hac
256 533 364 580 contenti
376 529 463 583 veniri,
480 532 621 593 signentque
635 527 717 577 licebit

97 625 101 656 a
158 610 269 673 Purgari
286 608 376 657 fabium
388 642 398 667 ‚
412 624 451 656 me
467 606 642 673 quoqueteste,
659 607 736 655 suum.

111 682 186 732 Pars
206 685 263 733 estis
276 686 344 747 pauci
358 685 458 748 potior,
476 687 517 748 qui
528 685 597 731 rebus
607 685 632 729 in
644 685 712 730 aretis
866 695 894 746 ²5

160 760 238 807 ferre
252 760 313 806 mihi
325 758 418 806 nullam
435 774 502 822 turpe
515 757 612 821 putastis
623 772 704 819 opem.

116 836 203 884 Tunc
215 838 291 899 igitur
302 837 380 883 metiti
392 838 507 883 morietur
517 836 593 898 gratia
604 834 673 884 vestri
685 865 694 891 ,

161 911 235 961 Chrn
249 916 328 973 cinis,
344 913 454 961 absumto
465 928 581 976 corpore,
598 910 672 958 fabius
684 926 736 959 ero.

117 989 211 1039 Fallat
222 1022 232 1050 ,
245 992 270 1039 dt
280 990 323 1039 illa
338 1006 397 1039 meae
409 991 529 1055 superabit
541 1004 649 1054 tempora
660 991 733 1038 vitare

160 1069 187 1115 Si
208 1082 291 1117 tumen
304 1085 318 1118 a
333 1072 436 1117 memori
449 1068 588 1133 posteritate
606 1065 679 1132 legar.
868 1079 898 1125 30

116 1144 245 1209 Corpora
262 1143 377 1195 debentur
391 1144 475 1194 maestis
488 1146 612 1209 exsanguia
625 1145 695 1193 bustis
706 1162 714 1193 t

159 1221 291 1287 Effugiant
301 1225 398 1272 struiios
408 1240 498 1272 nomen
509 1226 634 1288 honorque
646 1238 726 1287 rogos.

118 1298 265 1349 Occidit&
281 1301 406 1359 Theseus,
421 1305 446 1349 bt
462 1302 505 1364 qui
524 1302 651 1349 comitavit
666 1300 780 1351 Oresten:

159 1374 210 1426 Sed
222 1392 303 1427 tamen
313 1380 338 1425 in
350 1374 429 1425 laudes
439 1379 501 1425 vivit
514 1391 612 1443 uterque
621 1379 681 1427 suas.

119 1455 180 1503 Vos
195 1458 272 1504 etiam
286 1456 329 1503 seri
346 1452 477 1503 laudabunt
488 1456 547 1519 saepe
561 1470 681 1518 nepotes,
866 1469 892 1516 35

160 1530 285 1597 Claraque
297 1535 341 1580 erit
353 1534 444 1595 scriptis
455 1531 532 1596 gloria
542 1532 617 1592 vestra
628 1535 696 1587 meis.

122 1609 176 1658 Hic
190 1626 289 1675 quoque
300 1611 445 1659 Sauromatae
453 1612 502 1673 jam
510 1625 553 1658 vos
563 1625 667 1669 novere,
679 1609 793 1677 Getaeque
804 1628 811 1661 e

160 1688 193 1736 Et
204 1688 262 1737 tales
273 1690 366 1737 animm
379 1688 477 1737 barbara
487 1688 555 1736 turba
566 1688 661 1751 probat.

122 1763 242 1831 Ctimque
259 1781 305 1829 ego
315 1764 345 1813 de
355 1765 430 1814 vestra
441 1781 515 1829 nuper
527 1768 647 1829 probitate
658 1765 787 1829 referrem,

159 1844 226 1891 Nam
239 1841 314 1892 didici
323 1842 406 1893 Getici
414 1842 590 1908 Sarmaticeque
600 1844 686 1907 ioqui-3
858 1876 891 1921 40

127 1919 201 1969 Porti
219 1923 288 1968 senex
304 1918 419 1984 quidam,
437 1936 503 1969 coetu
513 1921 568 1968 crim
578 1921 648 1969 staret
660 1924 685 1969 in
699 1921 762 1983 illo,
796 1972 800 1976 ,

162 1994 279 2045 Reddidit
290 1996 324 2044 ad
329 1997 420 2045 nostros
431 1996 489 2045 talia
498 1998 570 2046 verba
580 2000 661 2046 sonos.

126 2073 180 2123 Nos
191 2089 288 2139 quoque
297 2076 409 2121 amicitie
419 2090 510 2122 nomen
521 2075 580 2123 bene
592 2078 703 2124 novimus
713 2113 722 2139 ‚
741 2080 841 2143 hospes,

161 2152 228 2212 Quos
239 2151 322 2215 procul
337 2168 350 2199 a
365 2152 433 2199 vobis
444 2150 546 2215 frigidus
559 2152 615 2201 Ister
630 2154 711 2203 habet.

126 2229 168 2280 Est
185 2230 251 2279 iocus
259 2232 284 2278 in
292 2231 407 2289 Scythis,
420 2230 512 2278 Tauros
523 2227 602 2278 dixere
614 2232 721 2295 priores,
859 2252 888 2301 45

161 2308 208 2369 Qui
221 2307 306 2357 Getici
320 2304 391 2371 longe
401 2309 494 2356 nonita
507 2304 578 2356 distat
588 2310 672 2357 humo.

125 2385 177 2435 Iiac
189 2401 233 2449 ego
243 2387 295 2433 suin
306 2383 385 2443 terri,
399 2387 480 2448 patrie
491 2401 535 2433 nec
546 2388 666 2449 penitet,
687 2401 771 2437 ortus:

158 2462 302 2512 Consortem
314 2464 396 2511 Phoebi
406 2478 463 2526 gens
474 2462 534 2511 colit
544 2462 587 2511 iiia
598 2464 686 2515 Deam.

128 2538 230 2602 Templa
245 2554 343 2588 manent
360 2538 453 2596 hodie,
473 2541 542 2589 vastis
554 2545 636 2591 innixa
647 2542 781 2593 columnist

160 2616 247 2680 Perque
257 2631 339 2681 quater
353 2613 427 2665 denos
435 2618 483 2665 itur
494 2620 519 2665 in
530 2617 573 2666 illa
583 2617 679 2681 gradus.
855 2636 884 2683 50

128 2694 198 2742 Fatua
209 2692 293 2751 refert,
313 2692 365 2743 illic
377 2694 472 2757 siguum
483 2694 577 2743 coeleste
587 2694 670 2746 fuiiiet

161 2769 261 2834 Qudque
276 2772 355 2819 minus
369 2768 479 2829 dubites,
494 2772 538 2821 stat
555 2773 616 2822 basis
635 2775 695 2825 orba
711 2776 770 2827 Dei.

130 2847 234 2912 Araque,
250 2862 302 2912 quae
313 2847 389 2898 fuerat
400 2848 484 2898 neturei
492 2848 594 2900 candida
605 2853 653 2902 saxi
664 2887 672 2917 ,

162 2924 263 2974 Decolor
279 2924 355 2975 affuso
369 2929 441 2975 tinsta
451 2930 620 2979 cruoretubet.

131 3003 297 3053 Femiuasaett
307 3004 385 3065 facit,
400 3002 596 3059 taedznonnota
607 3008 698 3075 jugali,
854 3027 881 3079 55

162 3079 217 3143 Qut
234 3082 327 3147 superet
340 3085 462 3147 Scythicas
477 3085 605 3138 nobilitate
617 3104 699 3156 purus.
