<?xml version="1.0" encoding="UTF-8"?>
<!DOCTYPE html PUBLIC "-//W3C//DTD XHTML 1.0 Transitional//EN"
    "http://www.w3.org/TR/xhtml1/DTD/xhtml1-transitional.dtd">
<html xmlns="http://www.w3.org/1999/xhtml" xml:lang="en" lang="en">
 <head>
  <title>
</title>
<meta http-equiv="Content-Type" content="text/html;charset=utf-8" />
  <meta name='ocr-system' content='tesseract 3.04.00' />
  <meta name='ocr-capabilities' content='ocr_page ocr_carea ocr_par ocr_line ocrx_word'/>
</head>
<body>
  <div class='ocr_page' id='page_1' title='image "./povidiinasoniso02ovidgoog_0073.png"; bbox 0 0 2325 3959; ppageno 0'>
   <div class='ocr_carea' id='block_1_1' title="bbox 227 338 847 484">
    <p class='ocr_par' dir='ltr' id='par_1_1' title="bbox 227 338 847 484">
     <span class='ocr_line' id='line_1_1' title="bbox 227 338 847 484; baseline -0.006 -18"><span class='ocrx_word' id='word_1_1' title='bbox 227 396 521 467; x_wconf 77' lang='lat' dir='ltr'>FArronurr</span> <span class='ocrx_word' id='word_1_2' title='bbox 543 396 647 463; x_wconf 81' lang='lat' dir='ltr'>Lrn.</span> <span class='ocrx_word' id='word_1_3' title='bbox 669 395 756 465; x_wconf 85' lang='grc' dir='ltr'><em>ΙΙΙ.</em></span> <span class='ocrx_word' id='word_1_4' title='bbox 804 338 847 484; x_wconf 35' lang='grc' dir='ltr'>ἐι</span> 
     </span>
    </p>
   </div>
   <div class='ocr_carea' id='block_1_2' title="bbox 146 509 897 585">
    <p class='ocr_par' dir='ltr' id='par_1_2' title="bbox 146 509 897 585">
     <span class='ocr_line' id='line_1_2' title="bbox 146 509 897 585; baseline 0.009 -19"><span class='ocrx_word' id='word_1_5' title='bbox 146 515 202 567; x_wconf 75' lang='lat' dir='ltr'>Ecce</span> <span class='ocrx_word' id='word_1_6' title='bbox 214 517 295 567; x_wconf 79' lang='lat' dir='ltr'>Derim</span> <span class='ocrx_word' id='word_1_7' title='bbox 304 520 399 585; x_wconf 76' lang='lat' dir='ltr'>genitor</span> <span class='ocrx_word' id='word_1_8' title='bbox 410 517 493 567; x_wconf 78' lang='lat' dir='ltr'>rutilas</span> <span class='ocrx_word' id='word_1_9' title='bbox 500 534 542 585; x_wconf 87' lang='lat' dir='ltr'>per</span> <span class='ocrx_word' id='word_1_10' title='bbox 552 516 635 567; x_wconf 86' lang='lat' dir='ltr'>nubila</span> <span class='ocrx_word' id='word_1_11' title='bbox 646 515 756 569; x_wconf 72' lang='lat' dir='ltr'>flammas</span> <span class='ocrx_word' id='word_1_12' title='bbox 852 509 897 573; x_wconf 73' lang='lat'>²¹5</span> 
     </span>
    </p>
   </div>
   <div class='ocr_carea' id='block_1_3' title="bbox 106 594 905 3142">
    <p class='ocr_par' dir='ltr' id='par_1_3' title="bbox 106 594 905 3142">
     <span class='ocr_line' id='line_1_3' title="bbox 177 594 706 663; baseline 0.002 -18"><span class='ocrx_word' id='word_1_13' title='bbox 177 597 284 661; x_wconf 78' lang='lat' dir='ltr'>Spargit,</span> <span class='ocrx_word' id='word_1_14' title='bbox 301 600 327 647; x_wconf 74' lang='grc' dir='ltr'>δι</span> <span class='ocrx_word' id='word_1_15' title='bbox 343 594 422 647; x_wconf 78' lang='lat' dir='ltr'>effutis</span> <span class='ocrx_word' id='word_1_16' title='bbox 437 598 524 647; x_wconf 72' lang='lat' dir='ltr'>ethera</span> <span class='ocrx_word' id='word_1_17' title='bbox 539 599 614 647; x_wconf 78' lang='lat' dir='ltr'>siccat</span> <span class='ocrx_word' id='word_1_18' title='bbox 625 599 706 663; x_wconf 72' lang='lat' dir='ltr'>aquic.</span> 
     </span>
     <span class='ocr_line' id='line_1_4' title="bbox 147 670 718 741; baseline 0 -18"><span class='ocrx_word' id='word_1_19' title='bbox 147 670 200 723; x_wconf 85' lang='lat' dir='ltr'>Non</span> <span class='ocrx_word' id='word_1_20' title='bbox 213 673 272 723; x_wconf 71' lang='lat' dir='ltr'>aliie</span> <span class='ocrx_word' id='word_1_21' title='bbox 287 677 353 724; x_wconf 81' lang='lat' dir='ltr'>missi</span> <span class='ocrx_word' id='word_1_22' title='bbox 364 672 470 725; x_wconf 82' lang='lat' dir='ltr'>cecidere</span> <span class='ocrx_word' id='word_1_23' title='bbox 484 674 632 741; x_wconf 71' lang='lat' dir='ltr'>frequentius</span> <span class='ocrx_word' id='word_1_24' title='bbox 643 678 718 741; x_wconf 70' lang='lat' dir='ltr'>ignee.</span> 
     </span>
     <span class='ocr_line' id='line_1_5' title="bbox 176 752 735 819; baseline 0.002 -19"><span class='ocrx_word' id='word_1_25' title='bbox 176 752 223 801; x_wconf 80' lang='lat' dir='ltr'>Rex</span> <span class='ocrx_word' id='word_1_26' title='bbox 231 768 321 818; x_wconf 84' lang='lat' dir='ltr'>pavet,</span> <span class='ocrx_word' id='word_1_27' title='bbox 339 758 365 803; x_wconf 70' lang='lat' dir='ltr'>bc</span> <span class='ocrx_word' id='word_1_28' title='bbox 378 754 445 819; x_wconf 74' lang='lat' dir='ltr'>vulgi</span> <span class='ocrx_word' id='word_1_29' title='bbox 462 756 557 819; x_wconf 73' lang='lat' dir='ltr'>pestora</span> <span class='ocrx_word' id='word_1_30' title='bbox 567 768 642 802; x_wconf 90' lang='lat' dir='ltr'>terror</span> <span class='ocrx_word' id='word_1_31' title='bbox 652 753 735 803; x_wconf 84' lang='lat' dir='ltr'>habet.</span> 
     </span>
     <span class='ocr_line' id='line_1_6' title="bbox 146 826 780 897; baseline 0 -16"><span class='ocrx_word' id='word_1_32' title='bbox 146 826 191 881; x_wconf 88' lang='lat' dir='ltr'>Cui</span> <span class='ocrx_word' id='word_1_33' title='bbox 205 829 277 891; x_wconf 68' lang='lat' dir='ltr'>Dea&#39;t</span> <span class='ocrx_word' id='word_1_34' title='bbox 295 830 333 881; x_wconf 88' lang='lat' dir='ltr'>Ne</span> <span class='ocrx_word' id='word_1_35' title='bbox 347 834 450 880; x_wconf 88' lang='lat' dir='ltr'>nimium</span> <span class='ocrx_word' id='word_1_36' title='bbox 469 830 554 881; x_wconf 68' lang='lat' dir='ltr'>terrine</span> <span class='ocrx_word' id='word_1_37' title='bbox 566 850 572 880; x_wconf 73' lang='grc' dir='ltr'><strong>ι</strong></span> <span class='ocrx_word' id='word_1_38' title='bbox 582 831 670 897; x_wconf 76' lang='lat' dir='ltr'>piabile</span> <span class='ocrx_word' id='word_1_39' title='bbox 686 830 780 881; x_wconf 79' lang='lat' dir='ltr'>fulmen</span> 
     </span>
     <span class='ocr_line' id='line_1_7' title="bbox 176 906 901 968; baseline 0.001 -11"><span class='ocrx_word' id='word_1_40' title='bbox 176 906 229 968; x_wconf 81' lang='lat' dir='ltr'>Est,</span> <span class='ocrx_word' id='word_1_41' title='bbox 244 912 278 958; x_wconf 87' lang='lat' dir='ltr'>ait</span> <span class='ocrx_word' id='word_1_42' title='bbox 290 928 296 959; x_wconf 76' lang='grc' dir='ltr'><strong>ε</strong></span> <span class='ocrx_word' id='word_1_43' title='bbox 309 912 334 959; x_wconf 76' lang='lat' dir='ltr'>br</span> <span class='ocrx_word' id='word_1_44' title='bbox 345 912 400 960; x_wconf 77' lang='lat' dir='ltr'>saevi</span> <span class='ocrx_word' id='word_1_45' title='bbox 409 908 511 959; x_wconf 71' lang='lat' dir='ltr'>flectitur</span> <span class='ocrx_word' id='word_1_46' title='bbox 520 912 554 959; x_wconf 82' lang='lat' dir='ltr'>ira</span> <span class='ocrx_word' id='word_1_47' title='bbox 567 910 643 960; x_wconf 78' lang='lat' dir='ltr'>Jovie.</span> <span class='ocrx_word' id='word_1_48' title='bbox 853 910 901 949; x_wconf 71' lang='lat'>²50</span> 
     </span>
     <span class='ocr_line' id='line_1_8' title="bbox 145 981 727 1051; baseline 0.009 -19"><span class='ocrx_word' id='word_1_49' title='bbox 145 981 189 1033; x_wconf 80' lang='lat' dir='ltr'>sed</span> <span class='ocrx_word' id='word_1_50' title='bbox 202 1000 314 1050; x_wconf 87' lang='lat' dir='ltr'>poterunt</span> <span class='ocrx_word' id='word_1_51' title='bbox 325 988 399 1035; x_wconf 87' lang='lat' dir='ltr'>ritum</span> <span class='ocrx_word' id='word_1_52' title='bbox 410 986 478 1035; x_wconf 72' lang='lat' dir='ltr'>Picus</span> <span class='ocrx_word' id='word_1_53' title='bbox 492 986 632 1051; x_wconf 76' lang='lat' dir='ltr'>Faunusque</span> <span class='ocrx_word' id='word_1_54' title='bbox 645 982 727 1050; x_wconf 79' lang='lat' dir='ltr'>piandi</span> 
     </span>
     <span class='ocr_line' id='line_1_9' title="bbox 175 1057 678 1125; baseline 0.002 -18"><span class='ocrx_word' id='word_1_55' title='bbox 175 1057 271 1124; x_wconf 85' lang='lat' dir='ltr'>prodere</span> <span class='ocrx_word' id='word_1_56' title='bbox 283 1079 290 1109; x_wconf 81' lang='lat' dir='ltr'>r</span> <span class='ocrx_word' id='word_1_57' title='bbox 302 1062 404 1111; x_wconf 88' lang='lat' dir='ltr'>Romani</span> <span class='ocrx_word' id='word_1_58' title='bbox 413 1077 504 1112; x_wconf 88' lang='lat' dir='ltr'>numen</span> <span class='ocrx_word' id='word_1_59' title='bbox 514 1074 613 1125; x_wconf 89' lang='lat' dir='ltr'>uterque</span> <span class='ocrx_word' id='word_1_60' title='bbox 623 1058 678 1109; x_wconf 87' lang='lat' dir='ltr'>soli.</span> 
     </span>
     <span class='ocr_line' id='line_1_10' title="bbox 145 1134 764 1201; baseline -0.003 -14"><span class='ocrx_word' id='word_1_61' title='bbox 145 1134 194 1187; x_wconf 86' lang='lat' dir='ltr'>Nec</span> <span class='ocrx_word' id='word_1_62' title='bbox 211 1141 259 1187; x_wconf 83' lang='lat' dir='ltr'>sine</span> <span class='ocrx_word' id='word_1_63' title='bbox 277 1141 302 1189; x_wconf 89' lang='lat' dir='ltr'>vi</span> <span class='ocrx_word' id='word_1_64' title='bbox 320 1136 429 1188; x_wconf 78' lang='lat' dir='ltr'>tradent:</span> <span class='ocrx_word' id='word_1_65' title='bbox 442 1136 562 1187; x_wconf 85' lang='lat' dir='ltr'>adhibeto.</span> <span class='ocrx_word' id='word_1_66' title='bbox 570 1136 667 1188; x_wconf 83' lang='lat' dir='ltr'>vincula</span> <span class='ocrx_word' id='word_1_67' title='bbox 680 1138 764 1201; x_wconf 76' lang='lat' dir='ltr'>captis.</span> 
     </span>
     <span class='ocr_line' id='line_1_11' title="bbox 147 1213 769 1282; baseline 0.002 -19"><span class='ocrx_word' id='word_1_68' title='bbox 147 1254 148 1257; x_wconf 65' lang='lat'>,</span> <span class='ocrx_word' id='word_1_69' title='bbox 175 1214 251 1281; x_wconf 72' lang='lat' dir='ltr'>Atque</span> <span class='ocrx_word' id='word_1_70' title='bbox 268 1218 318 1277; x_wconf 85' lang='lat' dir='ltr'>ita,</span> <span class='ocrx_word' id='word_1_71' title='bbox 336 1216 384 1282; x_wconf 80' lang='lat' dir='ltr'>qui</span> <span class='ocrx_word' id='word_1_72' title='bbox 398 1218 507 1281; x_wconf 85' lang='lat' dir='ltr'>possint,</span> <span class='ocrx_word' id='word_1_73' title='bbox 526 1213 621 1269; x_wconf 85' lang='lat' dir='ltr'>erudit,</span> <span class='ocrx_word' id='word_1_74' title='bbox 640 1230 690 1263; x_wconf 87' lang='lat' dir='ltr'>arte</span> <span class='ocrx_word' id='word_1_75' title='bbox 708 1218 769 1279; x_wconf 81' lang='lat' dir='ltr'>capi.</span> 
     </span>
     <span class='ocr_line' id='line_1_12' title="bbox 142 1291 901 1359; baseline -0.007 -17"><span class='ocrx_word' id='word_1_76' title='bbox 142 1291 219 1343; x_wconf 82' lang='lat' dir='ltr'>Lucus</span> <span class='ocrx_word' id='word_1_77' title='bbox 236 1295 355 1345; x_wconf 81' lang='lat' dir='ltr'>Aventino</span> <span class='ocrx_word' id='word_1_78' title='bbox 369 1296 475 1354; x_wconf 81' lang='lat' dir='ltr'>suberat,</span> <span class='ocrx_word' id='word_1_79' title='bbox 492 1295 559 1359; x_wconf 75' lang='lat' dir='ltr'>niger</span> <span class='ocrx_word' id='word_1_80' title='bbox 574 1293 636 1343; x_wconf 85' lang='lat' dir='ltr'>ilicis</span> <span class='ocrx_word' id='word_1_81' title='bbox 650 1295 755 1354; x_wconf 75' lang='lat' dir='ltr'>umbri,</span> <span class='ocrx_word' id='word_1_82' title='bbox 856 1304 901 1353; x_wconf 74' lang='lat'>²95</span> 
     </span>
     <span class='ocr_line' id='line_1_13' title="bbox 175 1368 679 1441; baseline 0.006 -24"><span class='ocrx_word' id='word_1_83' title='bbox 175 1369 230 1441; x_wconf 83' lang='lat' dir='ltr'>Quo</span> <span class='ocrx_word' id='word_1_84' title='bbox 242 1368 319 1435; x_wconf 80' lang='lat' dir='ltr'>poss&#39;es</span> <span class='ocrx_word' id='word_1_85' title='bbox 330 1374 380 1421; x_wconf 83' lang='lat' dir='ltr'>viso</span> <span class='ocrx_word' id='word_1_86' title='bbox 394 1371 487 1431; x_wconf 87' lang='lat' dir='ltr'>dicere,</span> <span class='ocrx_word' id='word_1_87' title='bbox 503 1371 602 1421; x_wconf 87' lang='lat' dir='ltr'>Numen</span> <span class='ocrx_word' id='word_1_88' title='bbox 612 1372 679 1421; x_wconf 76' lang='lat' dir='ltr'>inest.</span> 
     </span>
     <span class='ocr_line' id='line_1_14' title="bbox 143 1444 796 1515; baseline 0.008 -20"><span class='ocrx_word' id='word_1_89' title='bbox 143 1446 172 1497; x_wconf 89' lang='lat' dir='ltr'>ln</span> <span class='ocrx_word' id='word_1_90' title='bbox 183 1444 263 1498; x_wconf 83' lang='lat' dir='ltr'>medio</span> <span class='ocrx_word' id='word_1_91' title='bbox 274 1464 388 1512; x_wconf 80' lang='lat' dir='ltr'>gramen,</span> <span class='ocrx_word' id='word_1_92' title='bbox 399 1452 527 1515; x_wconf 87' lang='lat' dir='ltr'>muscoque</span> <span class='ocrx_word' id='word_1_93' title='bbox 538 1447 653 1514; x_wconf 78' lang='lat' dir='ltr'>adoperta</span> <span class='ocrx_word' id='word_1_94' title='bbox 661 1450 756 1501; x_wconf 81' lang='lat' dir='ltr'>vitenti.</span> <span class='ocrx_word' id='word_1_95' title='bbox 792 1488 796 1491; x_wconf 80' lang='lat'><em>-</em></span> 
     </span>
     <span class='ocr_line' id='line_1_15' title="bbox 119 1525 632 1593; baseline 0.006 -20"><span class='ocrx_word' id='word_1_96' title='bbox 119 1585 121 1591; x_wconf 32' lang='grc' dir='ltr'>Ι</span> <span class='ocrx_word' id='word_1_97' title='bbox 175 1525 291 1575; x_wconf 85' lang='lat' dir='ltr'>Manabat</span> <span class='ocrx_word' id='word_1_98' title='bbox 303 1528 357 1583; x_wconf 71' lang='lat' dir='ltr'>saro</span> <span class='ocrx_word' id='word_1_99' title='bbox 367 1542 427 1576; x_wconf 82' lang='lat' dir='ltr'>vena</span> <span class='ocrx_word' id='word_1_100' title='bbox 437 1530 544 1593; x_wconf 88' lang='lat' dir='ltr'>perennis</span> <span class='ocrx_word' id='word_1_101' title='bbox 555 1542 632 1593; x_wconf 72' lang='lat' dir='ltr'>aque.</span> 
     </span>
     <span class='ocr_line' id='line_1_16' title="bbox 142 1600 689 1675; baseline 0.005 -23"><span class='ocrx_word' id='word_1_102' title='bbox 142 1600 200 1654; x_wconf 86' lang='lat' dir='ltr'>Inde</span> <span class='ocrx_word' id='word_1_103' title='bbox 210 1601 258 1651; x_wconf 69' lang='lat' dir='ltr'>fere</span> <span class='ocrx_word' id='word_1_104' title='bbox 273 1602 318 1653; x_wconf 88' lang='lat' dir='ltr'>soii</span> <span class='ocrx_word' id='word_1_105' title='bbox 329 1604 421 1657; x_wconf 77' lang='lat' dir='ltr'>Faunus</span> <span class='ocrx_word' id='word_1_106' title='bbox 434 1606 549 1675; x_wconf 81' lang='lat' dir='ltr'>Picusque</span> <span class='ocrx_word' id='word_1_107' title='bbox 567 1606 689 1655; x_wconf 77' lang='lat' dir='ltr'>bibebant.</span> 
     </span>
     <span class='ocr_line' id='line_1_17' title="bbox 173 1680 905 1749; baseline 0.003 -20"><span class='ocrx_word' id='word_1_108' title='bbox 173 1680 228 1730; x_wconf 85' lang='lat' dir='ltr'>Huc</span> <span class='ocrx_word' id='word_1_109' title='bbox 240 1684 327 1741; x_wconf 81' lang='lat' dir='ltr'>venit,</span> <span class='ocrx_word' id='word_1_110' title='bbox 349 1684 374 1735; x_wconf 72' lang='lat' dir='ltr'>bc</span> <span class='ocrx_word' id='word_1_111' title='bbox 389 1683 461 1733; x_wconf 87' lang='lat' dir='ltr'>Fonti</span> <span class='ocrx_word' id='word_1_112' title='bbox 473 1699 513 1732; x_wconf 82' lang='lat' dir='ltr'>rex</span> <span class='ocrx_word' id='word_1_113' title='bbox 532 1686 611 1734; x_wconf 77' lang='lat' dir='ltr'>burna</span> <span class='ocrx_word' id='word_1_114' title='bbox 628 1686 715 1735; x_wconf 78' lang='lat' dir='ltr'>masiat</span> <span class='ocrx_word' id='word_1_115' title='bbox 729 1699 811 1736; x_wconf 84' lang='lat' dir='ltr'>ovem.</span> <span class='ocrx_word' id='word_1_116' title='bbox 859 1700 905 1749; x_wconf 81' lang='lat'>300</span> 
     </span>
     <span class='ocr_line' id='line_1_18' title="bbox 139 1755 714 1829; baseline 0.005 -22"><span class='ocrx_word' id='word_1_117' title='bbox 139 1755 260 1829; x_wconf 80' lang='lat' dir='ltr'>Plenaque</span> <span class='ocrx_word' id='word_1_118' title='bbox 271 1756 367 1813; x_wconf 78' lang='lat' dir='ltr'>odorati</span> <span class='ocrx_word' id='word_1_119' title='bbox 378 1758 423 1809; x_wconf 79' lang='lat' dir='ltr'>Dis</span> <span class='ocrx_word' id='word_1_120' title='bbox 434 1764 504 1825; x_wconf 87' lang='lat' dir='ltr'>ponit</span> <span class='ocrx_word' id='word_1_121' title='bbox 514 1760 603 1825; x_wconf 85' lang='lat' dir='ltr'>pocula</span> <span class='ocrx_word' id='word_1_122' title='bbox 612 1761 699 1810; x_wconf 83' lang='lat' dir='ltr'>Bacchi</span> <span class='ocrx_word' id='word_1_123' title='bbox 705 1778 714 1819; x_wconf 76' lang='lat'>3</span> 
     </span>
     <span class='ocr_line' id='line_1_19' title="bbox 171 1834 698 1903; baseline -0.004 -16"><span class='ocrx_word' id='word_1_124' title='bbox 171 1834 286 1903; x_wconf 85' lang='lat' dir='ltr'>Cumque</span> <span class='ocrx_word' id='word_1_125' title='bbox 298 1837 345 1886; x_wconf 71' lang='lat' dir='ltr'>suis</span> <span class='ocrx_word' id='word_1_126' title='bbox 359 1851 429 1887; x_wconf 83' lang='lat' dir='ltr'>antro</span> <span class='ocrx_word' id='word_1_127' title='bbox 443 1836 555 1887; x_wconf 82' lang='lat' dir='ltr'>conditus</span> <span class='ocrx_word' id='word_1_128' title='bbox 568 1838 618 1902; x_wconf 88' lang='lat' dir='ltr'>ipse</span> <span class='ocrx_word' id='word_1_129' title='bbox 631 1837 698 1887; x_wconf 84' lang='lat' dir='ltr'>latet.</span> 
     </span>
     <span class='ocr_line' id='line_1_20' title="bbox 139 1912 728 1975; baseline -0.003 -10"><span class='ocrx_word' id='word_1_130' title='bbox 139 1912 180 1965; x_wconf 76' lang='lat' dir='ltr'>Ad</span> <span class='ocrx_word' id='word_1_131' title='bbox 194 1913 278 1963; x_wconf 81' lang='lat' dir='ltr'>soiitos</span> <span class='ocrx_word' id='word_1_132' title='bbox 292 1917 392 1963; x_wconf 84' lang='lat' dir='ltr'>veniunt</span> <span class='ocrx_word' id='word_1_133' title='bbox 401 1915 515 1963; x_wconf 82' lang='lat' dir='ltr'>silvestria</span> <span class='ocrx_word' id='word_1_134' title='bbox 524 1918 624 1964; x_wconf 88' lang='lat' dir='ltr'>numina</span> <span class='ocrx_word' id='word_1_135' title='bbox 635 1914 728 1975; x_wconf 83' lang='lat' dir='ltr'>fontes,</span> 
     </span>
     <span class='ocr_line' id='line_1_21' title="bbox 173 1990 680 2055; baseline 0 -16"><span class='ocrx_word' id='word_1_136' title='bbox 173 1990 206 2039; x_wconf 83' lang='lat' dir='ltr'>Et</span> <span class='ocrx_word' id='word_1_137' title='bbox 216 1990 415 2041; x_wconf 80' lang='lat' dir='ltr'>relevantmulto</span> <span class='ocrx_word' id='word_1_138' title='bbox 424 1993 518 2055; x_wconf 58' lang='lat' dir='ltr'>pedore</span> <span class='ocrx_word' id='word_1_139' title='bbox 532 1994 596 2039; x_wconf 82' lang='lat' dir='ltr'>sicca</span> <span class='ocrx_word' id='word_1_140' title='bbox 606 2008 680 2041; x_wconf 87' lang='lat' dir='ltr'>mero.</span> 
     </span>
     <span class='ocr_line' id='line_1_22' title="bbox 139 2066 901 2139; baseline -0.001 -22"><span class='ocrx_word' id='word_1_141' title='bbox 139 2066 207 2119; x_wconf 72' lang='lat' dir='ltr'>Vina</span> <span class='ocrx_word' id='word_1_142' title='bbox 221 2070 288 2133; x_wconf 86' lang='lat' dir='ltr'>quies</span> <span class='ocrx_word' id='word_1_143' title='bbox 303 2069 407 2139; x_wconf 85' lang='lat' dir='ltr'>sequitur</span> <span class='ocrx_word' id='word_1_144' title='bbox 417 2086 424 2116; x_wconf 77' lang='lat' dir='ltr'>e</span> <span class='ocrx_word' id='word_1_145' title='bbox 436 2066 516 2132; x_wconf 76' lang='lat' dir='ltr'>gelido</span> <span class='ocrx_word' id='word_1_146' title='bbox 528 2068 610 2118; x_wconf 84' lang='lat' dir='ltr'>Numa</span> <span class='ocrx_word' id='word_1_147' title='bbox 619 2067 698 2132; x_wconf 79' lang='lat' dir='ltr'>prodit</span> <span class='ocrx_word' id='word_1_148' title='bbox 712 2069 741 2117; x_wconf 88' lang='lat' dir='ltr'>ab</span> <span class='ocrx_word' id='word_1_149' title='bbox 751 2084 838 2125; x_wconf 76' lang='lat' dir='ltr'>antro.</span> <span class='ocrx_word' id='word_1_150' title='bbox 858 2070 901 2116; x_wconf 79' lang='lat'>3⁰5</span> 
     </span>
     <span class='ocr_line' id='line_1_23' title="bbox 176 2143 698 2210; baseline -0.004 -15"><span class='ocrx_word' id='word_1_151' title='bbox 176 2144 311 2210; x_wconf 80' lang='lat' dir='ltr'>Vinclaque</span> <span class='ocrx_word' id='word_1_152' title='bbox 322 2146 410 2210; x_wconf 78' lang='lat' dir='ltr'>sopitae</span> <span class='ocrx_word' id='word_1_153' title='bbox 421 2143 489 2194; x_wconf 82' lang='lat' dir='ltr'>addit</span> <span class='ocrx_word' id='word_1_154' title='bbox 499 2148 524 2193; x_wconf 90' lang='lat' dir='ltr'>in</span> <span class='ocrx_word' id='word_1_155' title='bbox 535 2147 597 2195; x_wconf 69' lang='lat' dir='ltr'>arsia</span> <span class='ocrx_word' id='word_1_156' title='bbox 604 2160 698 2194; x_wconf 82' lang='lat' dir='ltr'>manus.</span> 
     </span>
     <span class='ocr_line' id='line_1_24' title="bbox 140 2218 784 2288; baseline -0.002 -15"><span class='ocrx_word' id='word_1_157' title='bbox 140 2222 247 2273; x_wconf 72' lang='lat' dir='ltr'>Somnus</span> <span class='ocrx_word' id='word_1_158' title='bbox 258 2238 284 2271; x_wconf 90' lang='lat' dir='ltr'>ut</span> <span class='ocrx_word' id='word_1_159' title='bbox 298 2224 429 2282; x_wconf 83' lang='lat' dir='ltr'>abscessit,</span> <span class='ocrx_word' id='word_1_160' title='bbox 443 2218 558 2273; x_wconf 83' lang='lat' dir='ltr'>tentando</span> <span class='ocrx_word' id='word_1_161' title='bbox 569 2220 665 2270; x_wconf 81' lang='lat' dir='ltr'>vincula</span> <span class='ocrx_word' id='word_1_162' title='bbox 678 2237 784 2288; x_wconf 74' lang='lat' dir='ltr'>pugnant</span> 
     </span>
     <span class='ocr_line' id='line_1_25' title="bbox 179 2298 711 2368; baseline -0.004 -18"><span class='ocrx_word' id='word_1_163' title='bbox 179 2302 314 2366; x_wconf 77' lang='lat' dir='ltr'>Rumperet</span> <span class='ocrx_word' id='word_1_164' title='bbox 325 2316 457 2368; x_wconf 80' lang='lat' dir='ltr'>pugnantes</span> <span class='ocrx_word' id='word_1_165' title='bbox 464 2298 549 2351; x_wconf 79' lang='lat' dir='ltr'>fortius</span> <span class='ocrx_word' id='word_1_166' title='bbox 560 2299 604 2352; x_wconf 85' lang='lat' dir='ltr'>ilia</span> <span class='ocrx_word' id='word_1_167' title='bbox 614 2315 711 2357; x_wconf 74' lang='lat' dir='ltr'>tenent,</span> 
     </span>
     <span class='ocr_line' id='line_1_26' title="bbox 136 2376 854 2443; baseline 0.003 -14"><span class='ocrx_word' id='word_1_168' title='bbox 136 2378 207 2429; x_wconf 81' lang='lat' dir='ltr'>Turn</span> <span class='ocrx_word' id='word_1_169' title='bbox 223 2379 304 2429; x_wconf 85' lang='lat' dir='ltr'>Numa</span> <span class='ocrx_word' id='word_1_170' title='bbox 316 2376 334 2439; x_wconf 75' lang='grc'>,’</span> <span class='ocrx_word' id='word_1_171' title='bbox 343 2379 378 2428; x_wconf 90' lang='lat' dir='ltr'>Di</span> <span class='ocrx_word' id='word_1_172' title='bbox 392 2392 536 2437; x_wconf 86' lang='lat' dir='ltr'>nemorum,</span> <span class='ocrx_word' id='word_1_173' title='bbox 553 2378 621 2430; x_wconf 69' lang='lat' dir='ltr'>fauit</span> <span class='ocrx_word' id='word_1_174' title='bbox 631 2379 747 2443; x_wconf 81' lang='lat' dir='ltr'>ignoscite</span> <span class='ocrx_word' id='word_1_175' title='bbox 757 2380 854 2442; x_wconf 71' lang='lat' dir='ltr'>nostrie,</span> 
     </span>
     <span class='ocr_line' id='line_1_27' title="bbox 174 2452 905 2523; baseline -0.001 -17"><span class='ocrx_word' id='word_1_176' title='bbox 174 2458 200 2506; x_wconf 84' lang='lat' dir='ltr'>si</span> <span class='ocrx_word' id='word_1_177' title='bbox 220 2458 295 2507; x_wconf 81' lang='lat' dir='ltr'>scelus</span> <span class='ocrx_word' id='word_1_178' title='bbox 309 2460 406 2523; x_wconf 85' lang='lat' dir='ltr'>ingenio</span> <span class='ocrx_word' id='word_1_179' title='bbox 422 2459 486 2506; x_wconf 74' lang='lat' dir='ltr'>sciris</span> <span class='ocrx_word' id='word_1_180' title='bbox 500 2452 655 2505; x_wconf 78' lang='lat' dir='ltr'>abessemeo.</span> <span class='ocrx_word' id='word_1_181' title='bbox 809 2507 813 2515; x_wconf 24' lang='lat' dir='ltr'>x</span> <span class='ocrx_word' id='word_1_182' title='bbox 859 2463 905 2510; x_wconf 72' lang='lat'>3¹·</span> 
     </span>
     <span class='ocr_line' id='line_1_28' title="bbox 106 2532 782 2604; baseline 0.009 -23"><span class='ocrx_word' id='word_1_183' title='bbox 106 2548 113 2559; x_wconf 92' lang='lat'><strong>·</strong></span> <span class='ocrx_word' id='word_1_184' title='bbox 138 2532 246 2604; x_wconf 85' lang='lat' dir='ltr'>Quoque</span> <span class='ocrx_word' id='word_1_185' title='bbox 257 2533 332 2583; x_wconf 86' lang='lat' dir='ltr'>modo</span> <span class='ocrx_word' id='word_1_186' title='bbox 342 2538 417 2598; x_wconf 74' lang='lat' dir='ltr'>possit</span> <span class='ocrx_word' id='word_1_187' title='bbox 428 2534 538 2593; x_wconf 86' lang='lat' dir='ltr'>fulmen,</span> <span class='ocrx_word' id='word_1_188' title='bbox 550 2533 679 2583; x_wconf 86' lang='lat' dir='ltr'>monstrate</span> <span class='ocrx_word' id='word_1_189' title='bbox 690 2568 698 2593; x_wconf 94' lang='lat'>,</span> <span class='ocrx_word' id='word_1_190' title='bbox 712 2536 782 2599; x_wconf 74' lang='lat' dir='ltr'>piari·</span> 
     </span>
     <span class='ocr_line' id='line_1_29' title="bbox 173 2610 758 2679; baseline 0.003 -20"><span class='ocrx_word' id='word_1_191' title='bbox 173 2612 214 2660; x_wconf 88' lang='lat' dir='ltr'>Sic</span> <span class='ocrx_word' id='word_1_192' title='bbox 226 2610 326 2660; x_wconf 79' lang='lat' dir='ltr'>Numa-2</span> <span class='ocrx_word' id='word_1_193' title='bbox 337 2616 372 2661; x_wconf 80' lang='lat' dir='ltr'>tic</span> <span class='ocrx_word' id='word_1_194' title='bbox 384 2615 493 2679; x_wconf 77' lang='lat' dir='ltr'>quatiens</span> <span class='ocrx_word' id='word_1_195' title='bbox 504 2626 594 2659; x_wconf 83' lang='lat' dir='ltr'>cornua</span> <span class='ocrx_word' id='word_1_196' title='bbox 608 2611 701 2662; x_wconf 73' lang='lat' dir='ltr'>faunus</span> <span class='ocrx_word' id='word_1_197' title='bbox 716 2614 758 2665; x_wconf 80' lang='lat' dir='ltr'>ait.</span> 
     </span>
     <span class='ocr_line' id='line_1_30' title="bbox 139 2684 845 2753; baseline 0.004 -16"><span class='ocrx_word' id='word_1_198' title='bbox 139 2685 235 2749; x_wconf 81' lang='lat' dir='ltr'>Magna</span> <span class='ocrx_word' id='word_1_199' title='bbox 252 2689 327 2750; x_wconf 79' lang='lat' dir='ltr'>petis,</span> <span class='ocrx_word' id='word_1_200' title='bbox 345 2703 389 2742; x_wconf 82' lang='lat' dir='ltr'>nec</span> <span class='ocrx_word' id='word_1_201' title='bbox 402 2702 455 2753; x_wconf 79' lang='lat' dir='ltr'>que</span> <span class='ocrx_word' id='word_1_202' title='bbox 473 2690 568 2736; x_wconf 88' lang='lat' dir='ltr'>monitu</span> <span class='ocrx_word' id='word_1_203' title='bbox 585 2688 629 2735; x_wconf 82' lang='lat' dir='ltr'>ribi</span> <span class='ocrx_word' id='word_1_204' title='bbox 643 2684 733 2738; x_wconf 82' lang='lat' dir='ltr'>discere</span> <span class='ocrx_word' id='word_1_205' title='bbox 742 2690 824 2740; x_wconf 91' lang='lat' dir='ltr'>nostro</span> <span class='ocrx_word' id='word_1_206' title='bbox 840 2705 845 2713; x_wconf 91' lang='grc'><strong><em>’</em></strong></span> 
     </span>
     <span class='ocr_line' id='line_1_31' title="bbox 177 2764 722 2818; baseline 0.002 -6"><span class='ocrx_word' id='word_1_207' title='bbox 177 2764 221 2812; x_wconf 81' lang='lat' dir='ltr'>Far</span> <span class='ocrx_word' id='word_1_208' title='bbox 239 2764 375 2813; x_wconf 75' lang='lat' dir='ltr'>sitrhabent</span> <span class='ocrx_word' id='word_1_209' title='bbox 392 2764 449 2815; x_wconf 83' lang='lat' dir='ltr'>fines</span> <span class='ocrx_word' id='word_1_210' title='bbox 460 2768 559 2816; x_wconf 82' lang='lat' dir='ltr'>numina</span> <span class='ocrx_word' id='word_1_211' title='bbox 570 2764 648 2818; x_wconf 76' lang='lat' dir='ltr'>nostre</span> <span class='ocrx_word' id='word_1_212' title='bbox 659 2766 722 2818; x_wconf 80' lang='lat' dir='ltr'>suot.</span> 
     </span>
     <span class='ocr_line' id='line_1_32' title="bbox 140 2838 900 2913; baseline 0.007 -23"><span class='ocrx_word' id='word_1_213' title='bbox 140 2838 178 2890; x_wconf 85' lang='lat' dir='ltr'>Di</span> <span class='ocrx_word' id='word_1_214' title='bbox 195 2841 278 2889; x_wconf 71' lang='lat' dir='ltr'>sumus</span> <span class='ocrx_word' id='word_1_215' title='bbox 292 2842 404 2905; x_wconf 79' lang='lat' dir='ltr'>agrestes,</span> <span class='ocrx_word' id='word_1_216' title='bbox 415 2847 439 2893; x_wconf 73' lang='lat' dir='ltr'>bc</span> <span class='ocrx_word' id='word_1_217' title='bbox 449 2847 490 2909; x_wconf 89' lang='lat' dir='ltr'>qui</span> <span class='ocrx_word' id='word_1_218' title='bbox 501 2842 655 2894; x_wconf 82' lang='lat' dir='ltr'>dominemur</span> <span class='ocrx_word' id='word_1_219' title='bbox 667 2845 694 2893; x_wconf 86' lang='lat' dir='ltr'>in</span> <span class='ocrx_word' id='word_1_220' title='bbox 703 2843 758 2895; x_wconf 76' lang='lat' dir='ltr'>altit</span> <span class='ocrx_word' id='word_1_221' title='bbox 857 2862 900 2913; x_wconf 83' lang='lat'>3¹5</span> 
     </span>
     <span class='ocr_line' id='line_1_33' title="bbox 175 2918 723 2974; baseline 0.004 -7"><span class='ocrx_word' id='word_1_222' title='bbox 175 2918 319 2973; x_wconf 74' lang='lat' dir='ltr'>Montibusr</span> <span class='ocrx_word' id='word_1_223' title='bbox 333 2920 456 2971; x_wconf 84' lang='lat' dir='ltr'>arbitrium</span> <span class='ocrx_word' id='word_1_224' title='bbox 470 2921 502 2969; x_wconf 92' lang='lat' dir='ltr'>est</span> <span class='ocrx_word' id='word_1_225' title='bbox 513 2924 539 2969; x_wconf 86' lang='lat' dir='ltr'>in</span> <span class='ocrx_word' id='word_1_226' title='bbox 550 2921 591 2970; x_wconf 84' lang='lat' dir='ltr'>sua</span> <span class='ocrx_word' id='word_1_227' title='bbox 602 2919 649 2974; x_wconf 85' lang='lat' dir='ltr'>tela</span> <span class='ocrx_word' id='word_1_228' title='bbox 660 2920 723 2969; x_wconf 78' lang='lat' dir='ltr'>iovi.</span> 
     </span>
     <span class='ocr_line' id='line_1_34' title="bbox 139 2995 710 3062; baseline 0.004 -17"><span class='ocrx_word' id='word_1_229' title='bbox 139 2996 217 3049; x_wconf 83' lang='lat' dir='ltr'>Hunc</span> <span class='ocrx_word' id='word_1_230' title='bbox 229 3010 254 3044; x_wconf 90' lang='lat' dir='ltr'>tu</span> <span class='ocrx_word' id='word_1_231' title='bbox 263 3010 313 3045; x_wconf 88' lang='lat' dir='ltr'>non</span> <span class='ocrx_word' id='word_1_232' title='bbox 320 2999 409 3062; x_wconf 85' lang='lat' dir='ltr'>poteris</span> <span class='ocrx_word' id='word_1_233' title='bbox 419 3014 460 3061; x_wconf 87' lang='lat' dir='ltr'>per</span> <span class='ocrx_word' id='word_1_234' title='bbox 471 3012 494 3047; x_wconf 87' lang='lat' dir='ltr'>te</span> <span class='ocrx_word' id='word_1_235' title='bbox 506 2995 622 3051; x_wconf 82' lang='lat' dir='ltr'>deducere</span> <span class='ocrx_word' id='word_1_236' title='bbox 632 2996 710 3057; x_wconf 81' lang='lat' dir='ltr'>coeio3</span> 
     </span>
     <span class='ocr_line' id='line_1_35' title="bbox 174 3074 652 3142; baseline -0.004 -16"><span class='ocrx_word' id='word_1_237' title='bbox 174 3076 210 3126; x_wconf 81' lang='lat' dir='ltr'>At</span> <span class='ocrx_word' id='word_1_238' title='bbox 223 3078 313 3141; x_wconf 83' lang='lat' dir='ltr'>poteria</span> <span class='ocrx_word' id='word_1_239' title='bbox 323 3074 403 3127; x_wconf 79' lang='lat' dir='ltr'>nostri</span> <span class='ocrx_word' id='word_1_240' title='bbox 415 3074 515 3127; x_wconf 73' lang='lat' dir='ltr'>forsitan</span> <span class='ocrx_word' id='word_1_241' title='bbox 531 3077 585 3127; x_wconf 82' lang='lat' dir='ltr'>usur</span> <span class='ocrx_word' id='word_1_242' title='bbox 597 3090 652 3142; x_wconf 82' lang='lat' dir='ltr'>ope.</span> 
     </span>
    </p>
   </div>
   <div class='ocr_carea' id='block_1_4' title="bbox 0 0 1174 3959">
    <p class='ocr_par' dir='ltr' id='par_1_4' title="bbox 0 0 1174 3959">
     <span class='ocr_line' id='line_1_36' title="bbox 0 0 1174 3959; baseline 0 0"><span class='ocrx_word' id='word_1_243' title='bbox 0 0 1174 3959; x_wconf 95' lang='lat' dir='ltr'> </span> 
     </span>
    </p>
   </div>
  </div>
 </body>
</html>
