2325 3959
308 464 354 547 64
425 453 468 524 P.
509 452 662 525 Ournrr
697 447 890 525 NAsour'e

305 580 352 630 Ara
367 580 424 629 Deae
442 580 505 630 certi
520 583 634 639 tremuit,
651 584 757 646 pariente
777 579 904 639 ministri;

340 658 371 709 Et
383 660 454 709 subiit
465 662 552 709 cineres
566 662 648 708 territa
658 658 755 708 flamma
766 661 829 707 suot.

307 736 363 787 Hac
378 739 419 787 ubi
434 742 549 805 cognovit
559 752 696 786 contemtor
707 737 815 786 Amulius
825 737 906 801 aequi,

260 826 289 871 50
341 808 423 876 (Nam
435 825 511 874 raptas
523 810 591 859 fratri
604 812 680 860 vilior
690 810 793 858 habebat
804 826 861 873 opes
873 814 904 867 i)

305 888 382 939 Amne
393 889 459 953 iubet
468 892 543 953 mergi
552 892 660 953 geminos
669 906 676 937 e
684 885 759 937 scelus
770 886 834 937 unda
843 884 935 950 refugit
946 902 960 945 5

337 967 366 1016 ln
385 966 448 1015 sicci
464 970 529 1031 puerl
541 966 699 1016 destituuntur
716 969 801 1015 humo.

304 1043 374 1093 Lacte
391 1047 443 1110 quit
453 1044 555 1093 infantes
566 1046 641 1094 nescit
651 1041 748 1093 crevilse
764 1044 858 1092 ferino?

337 1122 369 1171 Et
382 1125 464 1187 picum
482 1124 593 1187 expositis
611 1125 671 1187 sepe
687 1114 766 1171 tullffe
777 1123 861 1172 eibos?

260 1215 286 1264 55
307 1199 364 1249 Nou
381 1216 426 1264 ego
442 1214 483 1260 te,
495 1216 567 1249 tanta·
583 1204 662 1249 nutrix
675 1201 783 1249 Larentia
794 1196 886 1264 gentis,

337 1276 389 1327 Nec
404 1293 494 1328 taceam
509 1278 614 1339 vestrae,
633 1278 740 1327 Faustule
752 1294 858 1343 pauper,
871 1290 944 1341 oper.

304 1354 385 1405 Vester
395 1357 472 1405 honor
482 1359 578 1415 vertier,
591 1373 646 1405 cum
653 1356 786 1405 Larentalia
794 1354 885 1413 dicatus

335 1432 451 1499 Acceptus
461 1437 535 1499 geniis
543 1433 587 1485 illa
597 1435 730 1483 December
739 1436 821 1484 habet.

304 1509 392 1561 Martia
411 1527 446 1561 ter
461 1514 528 1561 senos
539 1512 616 1577 proles
632 1511 773 1571 adoleverat
780 1528 873 1572 annot,

255 1591 287 1633 ⁶0
336 1588 367 1638 Et
378 1591 470 1639 suberat
480 1588 547 1639 flavae
558 1594 606 1656 jam
616 1606 680 1639 nova
689 1591 761 1639 barba
775 1606 867 1649 comae,

304 1664 423 1716 Omnibus
436 1666 568 1731 agricolis,
584 1683 794 1733 armentorumque
813 1666 952 1732 magistris,

336 1741 417 1793 lliadae
432 1744 515 1795 fratres
530 1748 581 1809 iura
596 1750 670 1809 petita
686 1744 785 1795 dabant.

305 1821 369 1885 Saepe
385 1818 486 1869 domurn
505 1826 604 1871 veniunt
616 1822 756 1888 predonum
772 1822 974 1888 sanguiuelaeti,

337 1898 368 1947 Et
380 1897 491 1964 redigunt
506 1902 568 1949 astos
582 1904 609 1949 in
619 1902 661 1950 sua
676 1917 729 1950 rura
739 1903 820 1950 bouet.

258 1981 286 2038 ⁶5
306 1976 342 2026 Ut
357 1993 429 2043 genus
442 1976 585 2034 audierunt,
603 1982 696 2028 animos
707 1994 774 2044 pater
783 1982 876 2043 agnitus
887 1992 982 2043 auget3

334 2055 368 2113 ,Et
382 2055 456 2120 pudet
466 2060 491 2105 in
502 2060 581 2121 paucis
592 2073 681 2106 nomen
691 2058 778 2105 habere
787 2059 846 2106 casis
857 2074 864 2106 t

303 2133 471 2201 Romuleoque
486 2134 550 2184 cadit
562 2138 671 2200 trajeclus
683 2135 792 2184 Amulius
806 2136 877 2193 ense3

333 2214 461 2279 Regnaque
476 2214 587 2278 longaevo
600 2209 752 2262 'restituuntur
763 2230 819 2263 avo.

302 2290 397 2339 Moenia
414 2290 551 2339 conduntur
562 2310 569 2340 e
582 2308 652 2357 qut,
668 2295 776 2357 quamvis
787 2306 858 2356 parva
870 2290 972 2341 fuerunt
985 2328 998 2353 ,

255 2384 287 2431 70
335 2368 392 2417 Nou
405 2384 485 2439 tamen
495 2366 600 2434 expediit
610 2366 750 2418 transiluiffe
762 2370 848 2417 Remo.

302 2446 356 2495 Jarn
365 2445 461 2504 ,modu
470 2447 518 2513 qual
530 2446 712 2506 fretantium,
725 2462 888 2513 pecorumque
898 2446 1033 2506 receli'us,

335 2525 398 2573 Urbe
411 2539 477 2574 erat:
490 2540 581 2575 aeternae
596 2524 652 2575 erlrn
668 2542 734 2591 pater
745 2525 818 2575 Urbis
830 2528 881 2585 αἰτῇ

303 2602 399 2656 Arbiter
414 2618 556 2662 armorum,
575 2602 605 2652 <le
620 2608 686 2669 cujus
701 2606 814 2669 sanguine
825 2620 894 2653 natus

337 2676 446 2740 Credor3
468 2684 495 2730 ἀ
511 2694 538 2729 ut
548 2680 630 2731 credar
641 2685 740 2747 pignora
749 2697 813 2732 tetta
824 2681 887 2731 dabo
899 2700 908 2741 ς

261 2772 290 2821 75
310 2757 329 2807 A
341 2772 364 2806 te
380 2761 524 2822 principium
536 2760 646 2809 Romano
657 2758 765 2808 ducimus
777 2776 857 2819 anno3

288 2852 290 2859 ·
338 2834 429 2885 Primus
446 2834 476 2884 de
487 2838 563 2900 patrio
574 2840 672 2885 nomine
685 2840 770 2885 mentis
780 2851 827 2885 eat.

304 2912 359 2965 Vox
377 2928 426 2963 rata
447 2916 491 2971 εἰη
508 2917 632 2979 patrioque
642 2928 714 2963 vocat
723 2912 754 2963 de
763 2916 863 2963 nomine
872 2897 1006 2969 mensem.

337 2992 433 3041 Dicitur
449 2994 498 3042 haec
514 2995 587 3057 pietus
602 3006 668 3057 grata
681 2990 749 3041 fuilse
761 2992 824 3043 Deo.

306 3068 337 3118 Et
348 3084 428 3119 tamen
437 3086 491 3120 ante
506 3086 592 3119 omnes.
600 3071 705 3119 Martem
716 3070 812 3119 eoluere
824 3072 935 3133 priorese

260 3140 292 3191 80
341 3148 394 3199 Hoc
412 3147 509 3200 dederat
525 3146 607 3199 studiis
624 3149 710 3198 bellica
726 3150 795 3199 turba
804 3150 860 3198 suit.
