2325 3959
309 439 591 508 anerrrrrr
615 434 804 508 irnsls.
859 459 927 525 ιη

194 601 196 606 χ
214 551 266 604 Nec
282 553 338 607 dare
358 573 410 608 tuta
425 559 503 619 libet,
514 559 574 608 nihil
591 564 712 609 exorantia
722 560 818 611 Divos:

246 634 273 682 in
285 638 356 684 tantis
370 637 470 685 subeunt
481 653 524 684 nec
537 639 600 686 bona
611 639 683 688 verba
693 639 772 688 malie.

211 713 235 759 Si
253 727 333 761 tamen
344 713 376 762 est
386 712 478 778 aliquid
490 715 561 762 nobis
577 717 622 764 hac
638 715 692 764 iuce
702 715 849 780 petendum,
943 733 971 782 25

244 789 332 839 Inloea
345 807 374 839 ne
386 789 466 839 redeat
477 793 579 857 amplius
590 793 631 851 ista
641 828 649 852 ,
661 810 745 858 precor
756 813 762 843 e

211 861 278 914 Dum
295 885 347 926 me,
366 883 479 918 tetrarum
492 885 544 934 pars
559 887 626 935 paene
642 875 792 934 novissima,
805 875 908 936 Pontus,

185 977 191 984 -
242 944 329 995 Euxini
340 947 401 997 falso
412 952 511 998 nornine
527 948 619 1012 dissue,
639 953 720 1003 habet.

229 1105 907 1179 cvm-*Qat-

307 1210 773 1316 'Euuorrxru
988 1237 991 1241 ’

186 1451 189 1458 ,
211 1341 369 1460 Cotton
386 1414 411 1460 &
430 1413 522 1462 antistes
535 1412 661 1464 dosiorum
675 1417 753 1465 sanese
763 1419 891 1479 virorum,

239 1487 287 1546 Qui
302 1488 360 1537 facie
371 1489 468 1552 iugenio
477 1492 567 1556 semper
577 1495 653 1541 amice
665 1510 721 1542 meo
731 1511 738 1552 3

204 1561 312 1630 Ecquid,
326 1580 353 1614 ur
367 1568 515 1618 incolumem
526 1568 650 1636 quondam
658 1571 777 1621 celebrate
786 1571 878 1622 solebas
888 1609 897 1635 ,

236 1643 307 1692 Nunc
321 1632 433 1711 qrrofiue,
453 1663 483 1695 ne
493 1646 574 1696 videar
593 1663 657 1697 totus
667 1647 762 1709 abesse,
779 1665 847 1698 cavet
858 1655 868 1700 ἒ

203 1718 307 1783 Colligit
319 1753 328 1773 ,
345 1723 461 1785 exeeptis,
479 1721 564 1787 ecquid
576 1739 630 1773 mea
641 1727 762 1784 carmina,
774 1723 830 1773 solis
939 1739 950 1782 ς

235 1798 345 1859 Artibus,
359 1799 445 1848 artifici
457 1817 509 1865 que
525 1817 628 1850 nocuere
640 1803 697 1855 suo?

202 1873 282 1923 immo
293 1877 326 1923 ira
337 1875 373 1924 fae
384 1911 392 1936 ,
410 1891 509 1931 vatum,
531 1881 612 1944 quaeso
623 1913 632 1938 ,
644 1879 746 1929 studiose
763 1887 901 1930 novornme

234 1950 336 2017 Quique
354 1967 439 2016 potes,
457 1957 531 2002 retine
548 1972 633 2020 corpus
645 1959 670 2005 io
681 1957 747 2016 Urbe
758 1975 849 2008 meum.

200 2025 240 2078 Est
251 2028 307 2094 fuga
319 2026 380 2078 dista
391 2033 466 2090 mihi,
486 2048 535 2080 non
547 2033 578 2081 est
589 2033 647 2098 fuga
656 2033 719 2084 dieta
728 2036 835 2098 libeliis,

233 2105 282 2166 Qui
293 2105 386 2156 domini
397 2125 494 2172 poenam
510 2125 559 2159 non
570 2127 677 2161 meruere
691 2115 735 2161 sui.
937 2137 967 2169 ιο

198 2184 264 2248 'Saepe
274 2200 443 2248 perextremae
454 2187 569 2252 profugus
586 2204 652 2254 pater
665 2190 756 2240 exsulat
766 2207 840 2251 otae;

230 2261 296 2310 Urbe
308 2277 388 2313 tamen
402 2269 464 2315 natis
482 2267 566 2315 exsulis
578 2265 625 2316 eii'e
635 2267 701 2318 licet.

200 2337 303 2388 Palladis
315 2342 426 2407 exemplo
439 2378 447 2402 ‚
463 2342 492 2392 rie
504 2347 604 2394 mesine
618 2361 694 2395 matre
706 2361 785 2397 creata

230 2413 345 2467 Carmina
362 2419 433 2467 sunt:
446 2418 513 2484 stirps
524 2423 575 2468 haec
585 2422 756 2488 progeniesque
766 2437 819 2471 mee
834 2424 875 2471 eii.

198 2490 266 2542 Hanc
282 2497 327 2543 tibi
344 2496 489 2546 commendo
503 2517 508 2546 :
521 2513 574 2564 que
586 2516 635 2565 quo
646 2502 721 2566 magis
728 2501 788 2550 orba
798 2517 895 2567 parente
903 2535 912 2563 ,
934 2517 960 2563 ¹5

230 2568 284 2618 Hoc
294 2572 338 2619 tibi
349 2577 422 2621 tutori
434 2576 523 2624 sarcina
534 2581 612 2642 major
620 2580 673 2626 erit.

197 2645 255 2694 Tres
269 2649 331 2697 mihi
342 2650 395 2698 sunt
408 2655 459 2700 nati
469 2657 580 2718 contagia
590 2655 669 2704 nostra
679 2658 752 2708 secuti
763 2675 770 2708 e

229 2721 316 2772 Cetera
328 2724 366 2774 fac
376 2743 437 2776 cutae
448 2732 478 2778 eit
488 2731 532 2779 tibi
544 2733 614 2782 turba
624 2734 713 2798 palam.

196 2798 256 2849 Sunt
270 2817 366 2866 quoque
377 2819 474 2854 mutate
483 2804 518 2856 ter
530 2812 635 2876 quinque
646 2813 771 2864 volumina
782 2816 885 2880 formae,
966 2833 968 2837 ’

228 2875 344 2928 Carmina
355 2878 385 2928 de
400 2879 493 2932 domini
510 2884 592 2936 sunere
602 2904 670 2953 rapta
679 2891 724 2940 sui.
927 2895 959 2933 ²⁹

194 2951 259 3003 iilud
271 2971 330 3020 opus
346 2961 427 3022 potuit
439 2994 448 3020 ,
465 2965 484 3010 ei
496 2979 546 3012 non
557 2963 621 3030 priris
631 2967 681 3031 ipse
693 2966 822 3034 perissem,

226 3030 322 3083 Certiue
334 3051 348 3085 a
362 3037 457 3087 summa
475 3055 565 3091 nornen
580 3044 665 3094 habete
676 3062 758 3096 manu.

199 3109 270 3162 Nunc
281 3115 438 3167 incomestum
449 3120 532 3185 populi
541 3125 649 3186 pervenit
657 3125 682 3174 in
693 3140 735 3174 ora
746 3142 754 3173 e

737 3205 796 3268 livi

677 3292 679 3294 ’
744 3290 753 3322 s
