2325 3959
204 2804 217 2836 N

334 387 401 469 336
469 378 914 449 P.OV1n11NAsont15

360 500 417 548 Non
438 502 532 565 gravior
550 503 637 548 merito
651 498 752 548 vindicis
770 503 806 548 ira
820 500 884 550 fuit.

328 576 363 625 Ut
376 594 455 627 tamen
476 581 624 642 aspicerem,
643 578 825 643 consolarerque
844 583 1021 643 jacentem,

361 655 435 719 Lapsa
456 672 496 719 per
516 657 643 704 immensas
663 655 695 703 est
710 657 770 703 mihi
789 672 878 719 penna
890 662 968 707 vias.

329 731 386 781 llaec
396 733 512 782 locatum
522 737 627 797 primum
638 731 705 789 vidi,
719 734 774 781 culm
786 766 795 790 ‚
809 734 901 782 Matre
913 749 1048 800 rogante,

280 810 312 859 80
361 811 453 859 Phasias
471 812 503 859 cst
522 811 574 859 telis
591 810 638 859 fixa
656 809 736 875 puella
752 814 824 858 meis.

329 887 388 949 Quae
404 905 466 936 nunc
485 904 526 936 our
539 892 625 937 iterum
643 889 695 952 posi
713 888 789 937 secula
806 888 891 951 longa
903 890 1038 945 revisam,

362 966 400 1014 Tu
422 966 499 1023 facis,
518 964 549 1012 o!
566 966 644 1012 castris
661 964 730 1012 miles
742 966 821 1011 amice
839 968 925 1013 meis.

328 1044 393 1092 Pone
410 1058 487 1091 metus
508 1045 602 1105 igitur3
620 1042 728 1089 mitescet
743 1040 846 1090 Cesaris
867 1044 934 1099 ira;

361 1120 391 1169 Et
408 1124 488 1168 veniet
504 1123 567 1167 votis
587 1119 686 1167 mollior
705 1121 764 1167 bora
779 1122 837 1167 tuis.

279 1192 308 1256 ⁸5
328 1200 394 1249 Neve
400 1214 493 1246 moram
504 1200 603 1245 timeas:
613 1210 720 1256 tempus,
732 1193 797 1261 quod
807 1198 975 1259 querimus,
986 1193 1056 1249 iniistfi

359 1274 498 1341 Cundiaque
517 1275 605 1323 letitia
621 1274 692 1337 plena
707 1276 843 1337 triumphus
860 1275 960 1322 habet.

326 1351 393 1402 Dum
409 1352 513 1409 domus,
528 1356 553 1400 bt
565 1355 633 1409 nati,
649 1350 707 1399 dum
724 1364 799 1399 mater
816 1350 896 1398 Livia
916 1349 1027 1415 gaudet:

359 1430 425 1480 Dum
443 1429 545 1495 gaudes,
561 1430 645 1477 Patria
661 1445 748 1493 magne
761 1428 896 1493 Ducisque
918 1430 1010 1477 Pater:

326 1506 393 1557 Dum
415 1510 459 1557 tibi
480 1521 585 1571 gratatur
603 1506 726 1571 Populus,
748 1520 881 1571 totamque
906 1523 955 1571 per
973 1506 1045 1553 Urbe:

277 1589 310 1635 90
359 1585 444 1634 Omnis
464 1584 570 1634 odoratis
590 1586 683 1649 ignibus
703 1600 743 1632 ara
759 1583 842 1633 calet:

326 1660 393 1709 Dum
415 1663 495 1721 faciles
513 1661 590 1711 aditus
610 1662 700 1723 prebet
718 1661 856 1710 venerabile
874 1663 1020 1729 templum

359 1738 505 1801 sperandum
524 1740 614 1787 nostras
629 1736 694 1803 poll'e
711 1739 789 1787 valere
806 1756 908 1803 preces.

326 1812 414 1873 Dixit3
432 1819 456 1864 &
472 1830 512 1864 aut
526 1816 567 1863 ille
583 1816 615 1864 est
629 1830 710 1864 tenues
722 1815 825 1880 dilapsus
846 1820 874 1864 in
896 1834 986 1875 auras,

357 1888 492 1955 Coeperunt
512 1892 591 1942 sensus
606 1907 647 1939 aut
664 1890 763 1956 vigilare
777 1894 836 1938 mei.

202 1975 204 1979 '
278 1991 306 2042 ,ς
328 1968 351 2017 si
369 1967 497 2027 dubitem,
513 1972 571 2034 quin
589 1971 624 2016 his
641 1969 736 2027 faveas,
753 1969 787 2016 ol
807 1968 948 2031 Maxime,
967 1969 1036 2027 didit,

358 2045 501 2095 Memnonio
518 2062 607 2107 cycnos
624 2043 672 2094 effe
689 2046 770 2094 colore
786 2060 882 2110 putem.

326 2122 372 2172 Sed
386 2140 463 2189 neque
483 2138 588 2172 mutatur
605 2124 673 2188 nigrai
688 2127 739 2188 pice
759 2123 846 2172 lasleus
865 2126 981 2177 humor:

358 2199 429 2259 Nec,
450 2199 516 2265 quod
537 2216 587 2249 erat
604 2199 725 2255 candens,
745 2198 773 2249 lit
794 2204 965 2260 terebinthus,
983 2208 1035 2253 ebur.
1058 2197 1059 2242 l

325 2274 478 2326 Conveniens
495 2280 576 2326 animo
592 2294 665 2341 genus
682 2278 714 2325 est
726 2281 790 2335 tibi;
808 2280 893 2327 nobile
911 2298 1013 2348 namque

279 2371 325 2405 too
358 2354 453 2412 Pedius,
472 2359 496 2403 δι
514 2356 637 2404 Herculea
657 2356 816 2420 simplicitatis
829 2358 915 2407 habes.

324 2431 417 2487 Livor,
439 2434 500 2481 iners
520 2434 626 2491 vitium,
642 2450 720 2481 mores
736 2450 784 2481 uon
798 2436 848 2481 erit
865 2439 890 2483 in
909 2437 985 2497 issem

357 2505 437 2571 thue
457 2506 531 2557 latens
549 2508 599 2556 imi
611 2513 692 2573 vipera
706 2511 776 2574 serpit
792 2512 878 2561 humo.

324 2580 394 2630 Mens
413 2598 453 2632 tua
473 2584 579 2637 sublimis
594 2588 662 2649 supra
675 2604 748 2651 genus
766 2592 856 2637 eminet
872 2594 975 2655 ipsum:

357 2659 475 2710 Grandius
492 2665 590 2726 ingenio
600 2680 644 2711 nec
661 2666 705 2713 tibi
721 2681 810 2713 nomen
826 2668 893 2715 inest.

279 2736 388 2817 to5Esb⁰
405 2738 446 2786 alii
463 2756 565 2788 noceant
586 2742 695 2798 miseris,
712 2757 843 2807 optentque
864 2748 965 2809 timeri,

356 2813 486 2879 Tinstaque
501 2814 608 2865 mordaci
624 2816 713 2879 spicula
735 2818 792 2866 felle
805 2835 896 2882 gerant.

325 2892 357 2941 At
373 2907 413 2939 tua
431 2893 574 2957 supplicibus
594 2890 680 2941 domus
695 2896 728 2942 est
739 2893 829 2944 affueta
843 2899 960 2960 jurandis.
1039 2933 1042 2938 >

358 2968 385 3023 Iu
404 2984 506 3034 quorum
524 2986 625 3021 numero
642 2988 701 3030 me,
722 2988 806 3038 precor
816 3008 825 3034 ,
845 2974 892 3023 elle
903 2979 971 3028 velis.

853 3138 1021 3196 Euls‘rotl
