2325 3959
313 434 600 510 Terrarum
627 436 730 504 Lra.
755 436 806 503 II.
855 457 921 521 ¹97

207 557 344 630 Magnaque
355 579 407 628 pers
418 567 518 626 operum
528 595 537 620 ,
550 556 652 608 mendax
663 562 687 607 &
697 555 750 606 fida
760 590 769 618 ,
780 569 889 606 meorum
927 555 969 606 155

241 635 296 683 Plus
312 637 356 683 sibi
368 635 475 699 permisit
488 636 652 697 compositore
666 633 718 680 suo.

207 709 258 760 Nec
272 713 331 761 liber
342 709 503 761 indicium-est
514 713 606 770 animi,
622 707 664 758 sed
674 708 770 758 honesta
779 707 904 773 voluptas,

240 789 346 839 Plurima
359 775 492 838 mulcendis
505 790 600 842 auribus
610 803 665 852 apta
676 786 762 836 ferens.
836 783 839 788 ’

192 869 194 874 ’
208 866 294 916 Accius
311 864 370 917 effer
385 882 468 927 atrox,
485 869 587 917 conviva
595 867 722 916 Terentius
733 863 809 924 effer,

238 943 321 996 Effent
330 961 464 1012 pugnaees,
475 949 518 1012 qui
528 945 579 997 fera
588 945 652 994 belia
660 959 757 993 canunt.
924 953 971 1006 3⁶0

206 1022 316 1090 Denique
326 1026 451 1090 composui
462 1039 555 1073 teneros
565 1040 617 1073 non
626 1023 690 1072 solus
700 1035 807 1078 amorem

238 1101 384 1167 Composito
394 1119 476 1170 peenas
487 1102 551 1155 solus
562 1119 644 1151 amore
653 1098 718 1151 dedi.

205 1178 288 1240 Quid,
300 1183 346 1230 uisi
356 1197 412 1230 cum
423 1180 502 1229 multo
513 1181 632 1230 Venerem
639 1175 786 1229 confundere
796 1179 870 1235 vino,

237 1259 351 1323 Praecepit
359 1259 437 1321 Lyrici
448 1257 590 1307 Te'iaMusa
597 1259 676 1307 senis?

204 1333 288 1385 Lesbia
298 1335 357 1401 quid
368 1335 452 1385 docuit
463 1338 575 1400 Sappho,
587 1339 633 1386 nisi
643 1351 741 1394 amare,
754 1331 863 1400 puellas?
923 1349 953 1401 36
957 1357 967 1403 5

237 1415 302 1463 Tuta
312 1429 393 1464 tamen
401 1416 511 1478 Sappho,
524 1429 588 1463 tutus
598 1418 622 1464 δι
633 1413 674 1462 ille
685 1414 740 1462 fuit.

205 1489 258 1540 Nec
273 1492 334 1550 ribi,
352 1490 460 1541 Battiade
470 1527 478 1551 ‚
490 1495 590 1552 nocuit,
604 1489 671 1558 quod
681 1493 741 1557 saepe
751 1491 840 1556 legenti

237 1568 342 1618 Delicias
352 1571 420 1618 versu
433 1566 504 1619 fanus
516 1587 539 1619 es
553 1572 602 1636 ipse
614 1584 674 1620 tuas.
798 1577 801 1580 ’

203 1645 293 1694 Fabula
306 1644 404 1710 iucundi
415 1647 482 1697 nulla
492 1647 524 1697 est
533 1650 583 1698 sine
591 1665 672 1698 amore
680 1645 822 1698 Menandri:

235 1723 266 1773 Et
279 1723 339 1773 solet
350 1727 389 1774 hic
400 1727 478 1789 pueris
488 1727 668 1793 virginibusque
679 1726 737 1792 legi.
923 1727 970 1772 370

202 1801 257 1851 ilias
265 1805 315 1870 ipsa
323 1801 383 1868 quid
394 1803 440 1864 est,
452 1806 497 1852 nisi
509 1807 583 1871 turpis
595 1804 720 1865 adultera,
736 1801 765 1853 de
773 1820 821 1869 qua

236 1881 300 1930 inter
312 1895 444 1931 amatorem
458 1897 536 1948 pugna
550 1886 677 1948 virumque
688 1882 754 1931 fuiti

205 1955 270 2017 Quid
286 1961 349 2022 prius
362 1958 394 2005 est
404 1957 441 2006 illi
454 1957 728 2022 flammachryserdose
741 1974 814 2025 utque

236 2034 327 2083 fecerit
338 2037 410 2084 iratos
420 2051 485 2100 rapta
495 2036 575 2100 puella
586 2035 678 2087 duces?

202 2113 252 2162 Aut
261 2110 320 2177 quid
328 2109 433 2174 udyuea
441 2113 486 2173 est,
498 2116 543 2162 nisi
555 2113 661 2174 femina,
671 2128 768 2179 propter
778 2130 885 2164 amorem
898 2153 906 2176 ,
924 2125 967 2174 575

234 2189 302 2240 Dum
313 2193 349 2240 vir
357 2191 437 2251 abest,
450 2191 532 2240 multis
543 2209 591 2240 una
601 2195 676 2257 perita
688 2196 782 2258 procis?

203 2267 263 2330 Quis
273 2272 345 2330 ,nisi
356 2267 502 2330 Maonides‚
516 2270 635 2320 Venerem
645 2270 797 2336 Martemque
808 2270 895 2335 ligatos

235 2347 341 2408 Narrat,
352 2350 378 2396 in
389 2350 494 2398 obsceno
503 2365 605 2414 corpora
616 2351 698 2414 prensa
709 2352 782 2398 toro?

201 2423 290 2480 Unde,
302 2427 347 2475 nisi
358 2424 450 2476 indicio
468 2431 549 2492 magni
565 2429 677 2476 sciremus
688 2428 805 2488 Homeri,

235 2503 342 2567 Hospitis
352 2508 408 2568 igne
419 2502 477 2554 duas
490 2503 613 2555 incaluiffe
624 2505 708 2557 Deas?
924 2504 972 2565 380
996 2562 1004 2581 0

203 2579 282 2628 Omne
294 2597 367 2646 genus
378 2583 457 2646 scripti
468 2586 584 2647 gravitate
596 2582 725 2648 Tragoedia
736 2585 827 2634 vincit:

236 2658 293 2707 Haec
304 2675 400 2725 quoque
409 2664 532 2710 materiam
541 2664 633 2726 semper
640 2666 728 2710 amoris
740 2664 821 2712 haber.

203 2734 267 2786 Nam
273 2736 333 2801 quid
342 2741 367 2787 in
376 2737 525 2801 Hippolyto,
536 2741 580 2787 nisi
589 2755 655 2788 caecae
662 2739 760 2790 flamma
767 2747 887 2793 noverca?

163 2813 165 2820 ’
236 2814 332 2864 Nobilis
343 2815 376 2864 esi
384 2814 480 2865 Canace
491 2816 569 2866 fratris
581 2834 663 2866 amore
673 2819 718 2867 sui.

203 2891 288 2954 Quid?
300 2909 350 2943 non
358 2891 515 2953 Tantalides,
527 2897 632 2959 agitante
639 2893 761 2960 Cupidine
772 2912 870 2960 currus,
923 2891 951 2951 53
956 2907 966 2954 5

236 2973 334 3021 Pisaeam
344 2973 452 3038 Phrygiis
462 2975 527 3022 vexit
536 2975 639 3023 ebumur
650 2978 734 3040 equis?

202 3043 318 3113 Tingeret
336 3064 364 3098 ut
374 3049 463 3098 ferrum
473 3062 587 3098 natorum
598 3052 709 3116 sanguine
720 3067 813 3116 mater,

235 3127 355 3181 Concitus
362 3127 442 3181 altio
453 3128 511 3180 fecit
521 3145 604 3180 amore
613 3128 694 3182 dolor.

739 3213 750 3264 1
770 3212 797 3282 rr]
