2325 3959
318 425 593 494 Trtrrururt
619 419 718 487 Lrn.
745 419 815 487 III.
856 439 920 503 223

213 533 272 588 ¹Non
279 544 329 594 sum
338 541 461 611 ego,quod
469 542 560 592 fueram
568 559 574 589 t
581 539 964 606 quidinanemprotetisunsbr'ans
975 582 979 588 .

245 616 310 676 Quid
319 624 424 670 cinerem
433 623 490 669 saxis
500 655 506 679 ,
520 619 631 683 bustaque
642 617 738 676 nostra,
750 621 837 681 premis
847 624 855 668 l
946 611 976 652 ²⁵

214 691 303 746 Hector
314 713 363 748 etat
373 715 429 747 tunc
439 698 494 746 crim
506 695 570 746 bello
580 696 686 744 certabat
697 713 704 752 3
721 711 745 742 ar
757 693 822 743 idem

247 775 344 824 Vinstus
356 775 386 826 ad
398 777 536 826 Haemonios
547 790 597 822 non
608 787 657 822 etat
667 773 754 821 Hellor
765 789 847 836 equos.

214 844 257 897 Me
267 868 379 918 quoque,
395 870 467 919 quern
479 869 548 902 noras
558 852 619 900 olim
630 886 638 911 ‚
649 867 699 900 non
710 846 755 898 else
766 866 889 899 memento
900 869 906 896 ε

246 927 282 974 Ex
294 929 339 979 illo
348 931 458 994 superant
469 931 518 978 haec
530 928 657 979 simulacra
667 930 729 977 tiro.
945 948 974 993 3⁰
1002 940 1005 945 ”

213 1002 278 1063 Quid
287 1007 430 1068 simulacra,
443 1007 525 1069 ferox,
536 1005 604 1056 distis
613 1009 708 1055 incessis
718 1009 821 1056 amatis?

243 1083 328 1140 Parce,
345 1103 446 1151 precor,
460 1103 540 1136 manes
550 1085 752 1134 solicitaremeos.

210 1159 299 1211 Omnia
307 1181 362 1212 vera
370 1179 427 1228 puta
438 1180 491 1212 mea
502 1167 603 1212 crimina
613 1181 619 1211 t
631 1161 666 1211 nil
677 1166 708 1212 sit
717 1165 743 1210 in
752 1161 819 1222 illis,

243 1239 317 1300 Quod
328 1245 402 1308 magis
413 1258 535 1301 errorem,
548 1242 623 1306 quam
634 1240 724 1300 scelus,
743 1234 789 1288 elle
800 1254 879 1304 putes.

210 1313 338 1366 Pendirnus
355 1335 384 1366 en
397 1319 508 1383 profugi,
520 1320 579 1368 satia
588 1334 629 1368 tua
639 1318 751 1383 pedota,
767 1333 866 1382 ponas,
944 1329 969 1371 35

245 1392 380 1460 Exsilioque
392 1412 488 1461 graves,
501 1396 624 1460 exsiliique
633 1395 699 1444 loco.

208 1467 325 1520 Carnifici
335 1473 439 1523 Fortuna
453 1473 530 1538 potest
546 1490 600 1522 mea
615 1471 696 1523 flenda
714 1470 806 1523 videtis

244 1547 280 1597 Te
291 1563 371 1598 tamen
382 1551 415 1599 est
426 1567 474 1600 uno
487 1549 567 1620 judice
576 1551 655 1600 tnaella
664 1567 759 1616 patum.

208 1626 298 1676 Saevior
310 1644 333 1677 es
345 1629 403 1677 tristi
414 1627 535 1678 Busiride:
547 1631 631 1680 savior
642 1629 704 1690 illo,

241 1705 289 1766 Qui
301 1707 387 1755 falsum
398 1707 464 1757 lento
476 1711 562 1758 torruit
573 1711 628 1773 igne
637 1708 733 1757 bovem.
937 1724 971 1769 4⁰

208 1783 303 1849 Quique
315 1785 402 1835 bovem
414 1786 494 1835 Siculo
508 1786 583 1835 fertur
594 1781 692 1835 donaffe
705 1799 823 1848 tyranno,

239 1862 271 1911 Et
281 1861 347 1912 dictis
356 1881 415 1912 artes
426 1861 563 1915 conciliasse
574 1867 635 1912 suaa.
711 1907 717 1913 .
769 1894 773 1900 ·

207 1938 308 1989 Munere
323 1944 348 1988 in
358 1943 405 1989 hoc
414 1976 423 2000 ,
432 1943 483 1989 Rex
492 1976 501 2002 ,
521 1943 553 1991 est
566 1944 637 1995 usus,
648 1938 689 1989 sed
698 1941 803 2002 imagine
813 1940 905 2000 major:

240 2018 292 2066 Nec
308 2017 359 2067 sola
373 2019 406 2066 eil
415 2021 493 2082 operis
506 2019 584 2068 forme
599 2015 721 2082 probanda
733 2018 790 2064 mci.

203 2096 295 2160 Aspicis
306 2112 319 2144 a
330 2093 413 2144 dexttd
426 2096 486 2144 latus
497 2098 543 2144 hoc
552 2093 681 2160 adapertile
693 2097 771 2143 tauri?
940 2113 967 2157 45

239 2174 294 2223 Huc
311 2175 369 2233 tibi,
382 2187 453 2240 quern
464 2171 563 2238 perdes,
576 2169 742 2236 conjiciendus
752 2173 807 2220 etit.

159 2293 161 2299 .
203 2251 315 2302 Protinus
326 2253 444 2302 inclusum
456 2253 526 2301 lentis
536 2251 679 2300 carbonibus
689 2266 740 2298 ure.

237 2331 349 2396 Mugiet,
365 2334 507 2380 &¹vetivox
518 2333 563 2380 etit
575 2329 705 2395 illabovin
731 2334 733 2339 '

203 2410 250 2459 Pro
261 2411 346 2474 quibus
358 2413 460 2458 inventis
470 2445 478 2470 ,
490 2423 515 2458 ut
527 2425 614 2457 munus
628 2422 726 2456 munere
741 2405 822 2469 penses
834 2438 843 2463 ‚

235 2484 290 2543 Da,
305 2502 388 2550 precor
402 2521 409 2540 ,
421 2488 519 2550 ingenio
530 2487 628 2549 ptaemin
638 2481 710 2547 digna
719 2493 787 2529 tneo.
940 2509 969 2552 50

202 2561 310 2611 Dixerat.
325 2563 355 2611 At
366 2563 487 2621 Phalaris,
505 2563 584 2611 Poenae
596 2557 703 2609 mirande
714 2573 838 2622 repertor,

235 2640 286 2703 lpse
299 2655 366 2688 tuum
381 2641 479 2703 ptaesens
494 2641 575 2687 imbue
586 2673 594 2693 ,
605 2637 681 2696 dixit,
699 2651 769 2701 opus.

202 2718 255 2770 Nec
267 2733 335 2765 mota
346 2735 351 2763 ι
364 2717 499 2766 monstratis
510 2714 637 2764 crudeliter
649 2719 742 2779 ignibus
753 2715 815 2764 ustus

234 2795 348 2843 Exhibuit
361 2793 472 2857 querulos
483 2810 524 2842 ore
537 2808 653 2841 tremente
661 2795 741 2842 sonos.

202 2869 269 2935 Quid
282 2872 343 2918 mihi
355 2885 410 2918 curn
422 2870 506 2918 Siculis
517 2873 578 2918 inter
588 2871 758 2934 Scythiamque
768 2871 886 2936 Getasque
896 2874 905 2920 i
936 2888 963 2932 ς,

235 2947 274 2998 Ad
283 2962 306 2996 te
316 2982 324 3006 ,
335 2949 443 3012 quisquis
454 2949 473 2995 is
490 2963 529 3007 es,
546 2947 624 3014 nostra
635 2942 732 3013 qtsetela
742 2947 813 2999 redit.

200 3027 282 3092 thue
297 3027 362 3073 sitim
376 3025 457 3084 nqstro
467 3027 541 3088 possis
552 3025 645 3091 explere
656 3041 740 3078 cruore
751 3061 761 3086 ,

231 3104 374 3170 Quantaque
384 3105 420 3155 vis
431 3102 502 3157 asido
514 3101 601 3172 gaudia
612 3103 684 3156 corde
696 3105 774 3160 feras,

741 3184 809 3238 Ην
