2325 3959
253 349 322 430 196
395 341 437 409 P.
465 343 621 410 Orrnrr
642 344 865 411 Naroma·

249 463 301 515 Nee
314 464 374 516 mihi
385 466 511 515 materiam
523 462 634 512 bellatrix
643 464 722 514 Roma
731 467 852 529 negabat5

281 533 314 590 Et
323 545 374 606 pius
385 541 419 590 est
426 575 435 600 ,
447 544 529 606 patrie
539 541 600 590 iada
610 541 712 601 referre,
723 541 802 591 labor.
900 558 906 565 ·

247 618 359 684 Denique
368 653 377 680 ‚
392 618 449 668 cum
456 621 548 668 meritis
557 619 694 685 impleveris
703 624 805 679 omnia,
816 617 918 681 Cesar,

278 697 335 745 Pars
345 699 406 746 mibi
416 694 446 747 de
457 696 540 746 multis
550 713 598 746 una
608 696 716 750 canenda
730 698 787 748 fnit.

141 815 149 835 ,
200 773 330 841 3²lthue
342 776 439 824 trahunt
451 775 537 824 oculor
548 773 666 824 radiantia
678 775 772 824 lumina
786 774 867 837 Solis,

278 850 414 902 Traaiffenr
423 857 532 902 animum
541 855 574 901 ric
583 867 624 902 tua
633 853 694 902 fasta
703 869 795 903 meum.
863 859 868 869 '

245 931 341 997 Argunt
349 931 487 980 immeritb:
499 934 574 980 tenuia
586 934 647 980 mibi
655 948 754 995 campus
763 947 858 981 aratur:

279 1007 344 1059 lllud
359 1002 412 1060 'erar
428 1025 520 1074 magna
531 1009 664 1059 fertilitatis
672 1027 742 1074 opus.

245 1087 305 1140 Non
315 1085 371 1138 ideo
381 1084 453 1140 debet
461 1085 547 1156 pelago
563 1089 586 1135 se
596 1085 709 1145 credere,
721 1090 740 1135 ri
751 1104 799 1154 qua

198 1185 245 1232 330
277 1163 357 1215 Audet
369 1168 396 1215 in
411 1167 497 1229 exiguo
507 1161 589 1212 ludere
598 1166 685 1226 cymba
695 1164 758 1214 lacu.

244 1245 353 1294 Forsitan
362 1247 386 1294 δι
395 1241 519 1296 dubitem,
530 1245 635 1294 numeris
643 1243 772 1292 levioribus
784 1258 854 1308 aptua

277 1324 328 1372 Sim
342 1325 417 1377 satit,
433 1324 459 1370 ln
474 1337 559 1386 parvos
571 1318 735 1389 sufficiamque
749 1320 845 1371 modos.

244 1400 277 1450 At
293 1403 313 1450 ei
324 1417 363 1450 me
373 1401 454 1467 jubear
463 1397 571 1450 domitos
581 1399 647 1451 lovis
658 1403 713 1464 igne
725 1401 842 1466 Gigantas

277 1478 364 1529 Dicere
377 1496 384 1538 3
399 1492 528 1528 tonantem
539 1475 675 1529 debilitabit
685 1467 765 1532 onus(

199 1556 335 1612 iiiDivitie
342 1559 433 1630 ingenii
444 1555 476 1607 est
488 1558 605 1604 immania
615 1553 714 1608 Caesaris
726 1559 776 1605 aeia

278 1633 409 1693 Condere,
421 1632 521 1684 materiai
530 1649 560 1681 ne
571 1634 692 1698 superetur
703 1651 772 1698 opus.

244 1713 277 1764 Et
286 1728 367 1764 tamen
377 1713 445 1768 ausus
457 1728 520 1768 eram
531 1730 537 1760 z
549 1709 590 1760 sed
601 1709 729 1766 detreiiare
740 1709 853 1774 videbar,

279 1790 399 1858 Quodque
412 1789 491 1846 nefas,
502 1786 592 1842 damno
601 1790 690 1842 viribus
704 1788 750 1840 effe
761 1793 815 1843 tuis.

245 1869 284 1922 Ad
303 1870 354 1920 leve
365 1868 441 1919 rursus
453 1883 528 1933 opus,
546 1868 660 1932 juvenilia
671 1872 792 1924 carmina,
805 1873 878 1930 veni;

197 1953 246 2004 340
279 1947 310 1998 Et
325 1947 385 1998 falso
398 1949 465 2004 movi
478 1948 556 2012 petius
568 1963 650 1996 amore
661 1963 752 1996 meum.

246 2027 306 2080 Non
316 2024 428 2094 equidem
440 2024 528 2076 vellem
537 2043 543 2074 e
552 2022 593 2074 sed
603 2042 642 2075 me
654 2041 707 2079 mea
718 2025 767 2076 fata
778 2027 903 2079 trahebant
910 2064 920 2092 ,

278 2105 354 2171 lnque
365 2120 428 2153 meat
440 2119 521 2170 prenae
531 2104 666 2168 ingeniosus
678 2119 752 2155 eram.
859 2155 865 2165 f

246 2183 293 2240 Hei
303 2183 378 2232 mihil
394 2170 560 2248 quoddidiei:
574 2179 640 2246 quod
653 2198 692 2232 me
706 2180 807 2235 docuere
817 2200 944 2250 parentes,

279 2261 405 2326 Litoraque
416 2259 448 2308 est
459 2258 543 2308 oculos
555 2258 604 2307 ulla
614 2274 708 2313 morata
718 2277 793 2310 meos.

202 2338 305 2402 345llaet
321 2339 365 2388 tibi
376 2353 415 2388 me
426 2337 528 2386 invisum
540 2336 721 2398 lascivia'fetit‚
737 2341 769 2390 nb
778 2342 859 2403 Artes,

281 2416 346 2477 Quas
359 2430 422 2464 ratus
433 2430 456 2462 es
468 2417 553 2468 vetitos
566 2411 692 2469 solicitali'e
704 2431 778 2468 toros.

161 2519 164 2528 ·
249 2492 295 2546 Sed
305 2509 382 2560 neque
390 2508 429 2545 me
440 2506 520 2556 nuptae
532 2489 668 2548 didicerunt
675 2494 738 2544 furta
748 2497 861 2561 magistro
872 2519 879 2549 ε

281 2563 402 2632 Quodque
415 2579 498 2629 parum
509 2567 596 2624 novit,
612 2581 684 2614 nemo
696 2565 781 2617 docere
794 2574 879 2635 potest.

249 2645 287 2696 Sic
298 2659 343 2708 ego
354 2637 450 2690 delicias
461 2676 469 2702 ,
485 2645 509 2690 bt
526 2642 612 2692 mollia
621 2647 727 2694 carmina
739 2646 801 2706 feti,

201 2741 249 2790 350
282 2722 405 2772 strinxerit
417 2733 442 2769 ut
453 2736 542 2770 nomen
553 2719 635 2770 fabula
643 2721 710 2771 nulla
720 2740 811 2781 meum,

251 2801 302 2851 Nec
318 2802 443 2868 quisquam
455 2799 487 2847 est
498 2797 558 2848 adeo
568 2795 649 2848 medii
660 2798 690 2848 de
701 2801 769 2866 plebe
780 2807 877 2860 maritus
887 2838 897 2866 ,

283 2875 319 2925 Ut
333 2871 418 2923 dubius
433 2876 493 2924 uitio
505 2877 536 2923 sit
544 2888 611 2938 pater
619 2873 662 2923 ille
672 2892 737 2926 meo.

251 2951 332 3008 Crede
341 2955 401 3004 mihi
414 2970 421 3012 3
432 2968 510 3005 mores
521 2951 608 3004 distant
618 2969 631 3002 a
644 2957 748 3006 carmine
762 2957 848 3008 nostri:

284 3031 340 3082 Vita
349 3019 482 3084 vereetiuda
492 3030 540 3093 est,
554 3030 624 3080 Musa
633 3034 729 3097 jocosa,
746 3037 817 3086 mibi.
