2325 3959
257 438 325 501 224
400 416 443 483 P.
472 418 628 486 Ovrnrr
648 422 870 487 NAsoure.

254 553 302 599 Tot
313 550 376 599 mala
387 552 439 600 sum
450 550 542 616 fugiens
554 551 655 612 tellure,
671 567 708 603 tor
719 570 813 618 aequore
824 549 918 618 pallus,

206 630 236 668 ⁶0
286 628 321 676 Te
332 645 428 695 quoque
438 645 464 679 ur
473 627 560 679 audiris
571 627 636 694 polle
648 630 728 680 dolere
740 647 832 696 putem.

255 705 333 754 Crede
347 710 422 767 mihi,
441 712 460 756 si
470 711 499 756 sit
510 709 578 757 nobis
589 709 691 760 collatus
700 707 812 770 Ulyffes,

287 785 395 850 Neptuni
410 789 489 836 minor
500 787 549 847 est,
564 786 639 853 quim
653 788 719 838 lovis
734 790 768 836 ira
778 787 834 836 fuir.

257 863 320 928 Ergo
330 867 475 930 quicumque
487 879 513 913 er
519 900 527 923 ,
540 863 671 914 rescindere
681 865 779 914 vulnera
786 865 837 914 noli
843 882 854 924 3

288 941 373 1006 Deque
386 945 451 1006 gravi
459 940 528 992 duras
539 942 617 990 ulcere
625 942 685 990 tolle
694 957 793 990 manus:
940 933 943 938 ¹

207 1012 234 1065 ⁶5
255 1018 335 1084 thue
344 1035 402 1068 mea
414 1017 503 1068 famam
517 1033 615 1068 renuent
625 1020 715 1069 oblivia
727 1019 802 1084 culp:
809 1053 819 1080 ,

287 1096 344 1146 Fata
361 1099 496 1145 cicatricem
512 1094 598 1146 ducere
608 1097 686 1146 nostra
697 1100 756 1146 sine.

255 1175 418 1238 Humanaeque
426 1191 519 1223 memor
529 1175 612 1228 sortis,
624 1191 677 1240 quae
689 1175 756 1224 rollir
766 1172 879 1230 eosdem,

288 1252 319 1300 Et
332 1255 419 1316 premit
431 1271 439 1312 3
451 1255 552 1302 incertas
564 1255 612 1318 ipse
622 1268 701 1301 verere
714 1255 785 1301 vicet.

259 1331 290 1379 Er
301 1333 416 1396 quoniam
435 1365 444 1392 ,
457 1329 507 1379 fieri
517 1328 722 1396 quodnumquam
733 1327 799 1394 polle
808 1332 888 1394 putavi
895 1365 905 1389 ‚

209 1421 239 1465 70
289 1409 328 1458 Est
339 1410 383 1459 tibi
394 1407 423 1458 de
433 1410 501 1458 rebus
512 1411 616 1458 maxima
627 1424 683 1457 cura
690 1410 766 1466 meis;

259 1487 315 1536 Non
326 1487 358 1534 est
369 1484 435 1552 quod
443 1489 540 1535 timeas:
553 1487 649 1534 fortuna
661 1485 792 1534 miserrima
807 1484 884 1533 nostra
892 1483 934 1532 est.

289 1565 368 1613 Omne
379 1567 451 1613 trahit
461 1567 540 1613 secum
552 1563 651 1614 Caesaris
662 1567 696 1612 ira
706 1563 808 1612 maium.

258 1640 412 1706 Quodmagis
421 1656 446 1691 ut
458 1642 564 1707 liqueat,
576 1658 635 1691 neue
647 1643 694 1690 hoc
705 1639 845 1706 tibifingere
853 1637 954 1699 credar,

290 1719 343 1783 lpse
352 1719 427 1771 velim
434 1735 516 1784 pernas
527 1723 645 1785 experiare
652 1735 726 1768 meas.

272 1850 951 1924 «πθ-ἕψω)

400 1995 653 2058 ELEGIA
693 1994 803 2055 XII.

262 2093 422 2210 faraone
429 2163 479 2225 jam
489 2159 594 2224 Zephyri
605 2160 732 2214 minuuur3
741 2171 852 2221 annoque
860 2157 967 2220 perillo.

252 2225 255 2230 ¹
293 2237 400 2302 Longior
410 2240 513 2302 antiquis
522 2239 571 2287 visa
582 2237 677 2287 Maeoris
686 2238 761 2284 hiems
772 2254 779 2284 r
876 2243 879 2246 ’

258 2317 444 2381 impositamque
455 2317 499 2364 sibi
510 2316 551 2379 qui
562 2330 612 2363 non
624 2315 683 2362 beue
694 2313 793 2377 perrulir
802 2312 904 2372 Hellen,

292 2393 412 2455 Tempora
426 2393 546 2439 notruruis
555 2405 623 2454 aequa
633 2387 718 2439 diurna
728 2389 796 2439 facit.

231 2477 241 2527 5
262 2471 312 2518 lam
322 2469 412 2519 violam
423 2471 536 2532 puerique
547 2467 631 2531 legunt
642 2467 774 2533 hilaresque
786 2466 870 2532 puellae
877 2501 886 2526 ‚

296 2546 389 2595 Rustica
400 2562 472 2610 quam
480 2543 549 2596 nullo
561 2559 622 2593 terra
631 2547 721 2595 serente
733 2551 816 2610 gerit..

263 2626 378 2688 Prataque
390 2623 521 2686 pubescunt
530 2626 651 2672 variorum
664 2622 722 2672 flore
733 2624 862 2684 colorum,

295 2697 444 2763 Indocilique
452 2698 540 2763 loquax
550 2713 645 2762 gutture
654 2715 738 2764 vernat
751 2704 810 2749 avis.

263 2776 344 2842 Urque
354 2776 422 2824 malae
434 2779 524 2825 crimen
536 2780 617 2825 marris
628 2775 734 2841 deponat
742 2776 862 2838 hirundo,

218 2887 245 2918 ω
295 2855 342 2903 Sub
353 2855 457 2903 trabibus
466 2871 537 2904 cunas
554 2870 672 2919 parvaque
687 2858 748 2903 relia
761 2855 829 2904 facie.

264 2933 389 2998 Herbaque
401 2966 409 2990 ,
429 2949 480 2996 quae
492 2931 562 2980 latuit
572 2931 711 2981 Cerealibus
721 2932 807 2981 obruta
817 2929 887 2979 sulcis
898 2965 908 2991 ,

297 3010 387 3058 Exserir
398 3027 410 3058 e
423 3007 503 3074 tepidi
516 3009 592 3058 molle
601 3025 716 3059 cacumen
726 3012 810 3059 humo.

266 3088 368 3155 Quoque
378 3087 433 3140 loco
444 3087 539 3142 estuirir
550 3122 559 3152 ,
569 3085 600 3138 de
614 3087 713 3153 palmite
723 3102 956 3154 gemmalmorerur:
