2325 3959
309 395 591 476 'ansrrusr
614 404 714 470 Lrn.
746 402 791 471 V.
848 426 910 494 271

195 518 326 575 Contudit
336 528 459 592 ingenium
465 528 580 591 patientia
587 525 659 591 longa
670 524 793 573 laborum:

233 599 266 648 Et
281 618 333 666 pars
345 604 436 667 antiqui
445 618 533 666 magna
543 604 633 666 vigoris
641 600 713 649 abest.

196 676 268 740 Saepe
279 692 360 727 tamen
369 682 450 738 nobis,
457 695 484 727 ur
494 695 661 744 nuncquoque
670 713 678 738 ,
687 680 764 727 sumta
771 675 859 726 tabella
868 676 914 734 est3

233 754 311 820 Inque
322 759 375 806 suos
384 758 452 808 volui
462 774 547 822 cogere
559 758 632 807 verba
643 755 713 822 pedes
725 773 731 803 s

197 828 319 883 Carmina
330 838 416 901 scripta
430 838 490 885 mihi
500 838 555 885 sunt
567 835 650 895 nulla,
669 849 711 883 aut
720 832 800 899 qualia
810 834 883 883 cernis
890 850 898 891 3
934 842 961 886 35

213 909 311 976 ·Digna
320 916 356 963 sui
367 912 461 965 domini
472 928 579 979 tempore
589 948 597 973 ,
608 911 753 978 dignaloco.

196 984 312 1054 Denique
319 1006 369 1039 non
380 1008 462 1056 parvas
476 994 558 1041 animo
569 989 612 1040 dat
623 991 700 1055 gloria
709 992 787 1047 vites3
842 1054 845 1059 ,

233 1064 266 1114 Er
280 1066 382 1119 fecunda
393 1068 451 1119 facit
461 1072 556 1135 pedion
566 1066 643 1117 laudis
654 1084 731 1125 amor.
837 1052 842 1111 '.

196 1139 314 1192 Nominis
332 1147 357 1194 bc
375 1145 445 1195 famae
457 1143 580 1213 quondam
592 1144 687 1209 fulgore
699 1138 824 1200 trahebar,

230 1218 299 1269 Dum
310 1222 366 1271 tulit
377 1238 489 1272 antennas
500 1239 555 1271 aura
567 1219 669 1271 secunda
680 1236 752 1269 meas.
931 1225 964 1269 40

197 1295 259 1347 Non
270 1297 331 1349 adeo
343 1300 376 1348 est
385 1301 445 1348 benc
457 1317 520 1349 nunc
530 1334 538 1359 ,
550 1314 577 1348 ut
590 1303 619 1348 sie
628 1300 688 1347 mihi
698 1298 776 1362 gloria
788 1312 864 1345 turae:

232 1376 258 1423 Si
276 1375 359 1431 liceat,
380 1378 441 1425 nulli
457 1380 571 1441 cognitus
584 1372 630 1425 effe
641 1375 725 1426 velim.

198 1450 253 1511 An,
265 1458 321 1518 quia
335 1452 452 1503 cefferunt
462 1453 541 1519 primb
556 1455 617 1502 bene
632 1454 752 1510 carmina,
768 1447 849 1497 suades

233 1530 353 1591 Scribere,
368 1529 483 1580 succeffus
495 1546 521 1580 ut
532 1532 615 1596 sequar
628 1531 677 1594 ipse
691 1534 773 1580 meos?

154 1626 157 1631 ·
200 1605 279 1667 Pace,
294 1624 400 1669 novem,
414 1609 489 1659 vestri
498 1609 569 1659 liceat
580 1606 685 1664 dixisse,
703 1608 816 1665 Sorores3
930 1622 958 1666 45

235 1685 284 1734 Vos
301 1687 352 1735 estis
363 1687 447 1737 nostrae
461 1689 566 1736 maxima
576 1688 645 1735 causa
653 1685 725 1751 fuga.

199 1760 281 1828 thue
292 1762 359 1813 dedit
369 1766 438 1829 justas
449 1769 509 1815 tauri
521 1764 649 1815 fabricator
661 1766 713 1813 ae'ni
725 1798 733 1822 ‚

232 1842 270 1888 Sic
286 1859 329 1906 ego
340 1841 372 1891 do
383 1860 463 1908 pennas
472 1846 560 1893 artibus
571 1845 619 1908 ipse
628 1847 696 1892 meis.

200 1918 242 1968 Nil
253 1923 312 1967 mihi
325 1918 438 1969 debuerat
448 1936 503 1967 cum
514 1923 618 1967 versibus
628 1920 729 1983 amplius
740 1916 803 1973 eise3

232 1993 279 2045 Sed
290 1996 396 2060 fugerem
406 1996 492 2045 meritb
503 1997 630 2061 naufragus
642 2013 715 2045 omne
727 1996 824 2048 fretum.
933 2010 962 2052 50

199 2074 232 2123 At
242 2088 317 2139 puto,
332 2077 351 2121 si
364 2072 461 2122 demens
473 2072 577 2121 studium
589 2073 661 2121 fatale
672 2087 805 2131 retentem,
884 2102 886 2107 ·

232 2150 279 2199 Hic
297 2154 356 2199 mihi
374 2152 489 2217 praebebit
506 2153 616 2200 carminis
630 2166 694 2199 arma
707 2150 782 2198 locus.

199 2227 257 2279 Non
270 2229 329 2278 liber
340 2228 380 2278 hic
393 2220 472 2288 ullus,
484 2244 533 2277 non
544 2230 586 2294 qui
597 2229 657 2277 mihi
670 2224 810 2277 commodet
821 2242 911 2285 aurern,

230 2306 356 2372 Verbaque
367 2305 501 2371 significent
512 2304 571 2371 quid
581 2321 635 2353 mea
647 2307 727 2363 norit,
744 2301 815 2354 adest.

200 2384 289 2435 Omnia
300 2386 412 2434 barbariae
423 2385 476 2434 loca
488 2386 541 2433 sunt
552 2418 560 2443 ‚
573 2372 687 2449 vocisque
697 2382 789 2431 ferinaes
932 2388 939 2419 i
950 2389 958 2431 i

231 2464 320 2513 Omnia
333 2465 386 2513 sunt
403 2464 481 2513 Getici
493 2463 562 2528 piena
573 2465 659 2511 timore
673 2463 734 2509 soni.

199 2540 249 2607 lpse
261 2544 320 2590 mihi
333 2539 416 2590 videor
426 2546 474 2605 jam
485 2536 623 2589 dedidiciffe
634 2538 716 2587 Latine
728 2558 734 2586 ε

232 2619 285 2668 Jam
297 2616 371 2667 didici
383 2616 465 2667 Geticd
476 2616 650 2682 Sarmaticdque
665 2616 740 2681 loqui.

199 2694 251 2746 Nec
262 2710 354 2749 tamen,
366 2709 391 2743 ut
402 2711 484 2743 verum
494 2692 567 2742 fatear
579 2695 636 2752 tibi,
652 2694 729 2742 nostra
740 2696 813 2743 teneri

229 2776 251 2821 A
268 2770 437 2837 componendo
448 2774 552 2819 carmine
562 2770 631 2819 Musa
643 2772 727 2835 potest.
928 2783 959 2821 σο

199 2850 340 2917 Scribimus,
359 2852 383 2897 bc
400 2849 498 2911 scriptos
510 2848 655 2897 absumimus
666 2851 721 2914 igne
740 2846 834 2897 libellos
844 2844 862 2895 :¹

230 2925 312 2974 Exitus
323 2917 355 2974 est
365 2923 435 2975 studii
446 2939 518 2989 parva
528 2924 675 2975 favillamei.
717 2981 720 2987 Α

199 3004 249 3057 Nec
261 3000 371 3067 polium,
386 3006 411 3052 bc
428 3006 499 3068 cupio
511 3018 560 3053 non
571 3003 634 3061 ullos
645 3002 731 3054 ducere
740 3006 828 3055 versus.

229 3082 327 3132 Ponitur
337 3080 428 3132 idcirco
439 3080 517 3131 noster
524 3083 550 3133 in
557 3084 612 3148 igne
621 3081 698 3133 labor.

710 3159 785 3214 Μὶν
