2325 3959
324 362 396 443 '360
469 352 914 423 P.Ov11>JrNAsorurs

357 461 456 522 Intulit,
475 465 584 527 exposito
601 462 697 521 milite,
714 464 782 527 sigua
799 464 877 512 Getis:

324 538 356 589 At
378 540 440 599 tibi,
463 544 587 605 progenies
605 540 648 588 alti
667 539 797 589 fortissima
814 540 915 600 Dauni,

278 621 308 666 30
358 618 430 666 Venit
445 622 469 667 iu
484 616 594 669 adversos
608 620 711 682 impetus
728 621 762 667 ite
777 620 851 667 viros.

323 693 375 743 Nec
391 712 460 743 mota
478 714 483 743 :
506 694 646 759 conspicuus
662 692 733 758 longi
749 694 897 759 Fuigentibus
913 698 1002 756 armis,

354 771 436 821 Fortia
452 788 482 820 ne
499 775 592 837 possint
607 771 667 821 faeta
685 770 775 837 latere,
795 789 887 821 cavere

321 848 463 915 Ingentique
480 847 555 915 gradu
570 863 654 897 contra
671 848 808 914 ferrumque
824 849 975 916 iocumque,

353 928 458 992 Saxaque
474 924 576 974 brumali
593 922 707 989 grandine
721 925 806 989 plura,
824 928 897 977 subis.

227 1058 239 1069 ᾗ
274 1023 302 1067 35
321 1004 372 1055 Nec
390 1019 412 1053 te
430 1000 497 1052 miffa
515 1004 583 1067 super
598 1002 734 1067 jaculorum
750 1005 819 1052 turba
833 1019 959 1066 moratur,

245 1073 248 1119 Ῐ
352 1083 401 1151 Nec
419 1098 471 1147 quae
488 1084 584 1145 vIpereo
602 1079 649 1128 tela
665 1096 748 1129 cruore
765 1079 873 1131 madent.

318 1159 412 1225 Spicula
430 1175 484 1207 cum
500 1147 573 1221 piiiis'
584 1159 681 1205 horrent
695 1160 721 1205 Iu
736 1156 826 1207 casside
842 1161 927 1223 pennis
944 1178 951 1209 t

350 1238 451 1301 Parsque
474 1233 521 1283 fere
540 1236 600 1283 scuti
614 1234 712 1283 vulnere
728 1234 795 1283 naua
806 1251 883 1285 vacat.
944 1290 948 1295 .

317 1314 369 1364 Nec
390 1330 474 1378 corpus
490 1315 586 1361 tundos
601 1311 702 1360 feliciter
717 1310 802 1377 effugit
814 1315 890 1373 ὶᾶυςς

267 1401 301 1447 40
349 1393 395 1442 Sed
409 1396 488 1441 minor
505 1390 537 1438 est
553 1393 602 1438 acti
617 1386 694 1438 laudis
710 1404 791 1437 amore
807 1388 889 1440 dolor.

314 1469 381 1521 Talis
396 1468 459 1534 apud
473 1468 573 1532 Trojam
584 1466 676 1514 Danais
693 1468 851 1537 pro-navibus
865 1470 926 1535 Aiax

345 1548 440 1597 Dicitur
458 1546 584 1595 Hedioreas
597 1542 727 1592 sustinuiffe
740 1543 811 1598 faces.

312 1625 347 1674 Ut
357 1625 452 1689 propius
466 1638 563 1672 venturu
576 1621 622 1681 est,
635 1618 807 1687 commIffaque
818 1620 913 1673 dextera
924 1622 1014 1684 dextre,

219 1760 223 1769 Ι
344 1702 436 1766 Resque
457 1700 508 1749 fero
525 1702 605 1764 potuit
623 1701 732 1747 tornitrui
743 1701 797 1747 ense
808 1702 875 1763 gerit

262 1797 290 1847 ⁴5
310 1778 396 1830 Dicere
412 1776 509 1828 difficile
524 1776 574 1834 est,
593 1773 653 1841 quid
667 1776 732 1824 Mars
746 1770 800 1824 tuus
818 1778 892 1841 egerit
900 1776 966 1835 illic,

342 1858 456 1923 Quotque
466 1857 518 1904 neci
531 1851 640 1913 dedetis,
651 1869 775 1920 quosque,
789 1855 922 1920 quibusque
933 1852 1015 1904 misdit.

308 1938 369 1987 Ense
387 1952 428 1985 tuo
447 1934 520 1983 factos
542 1930 649 1981 calcabas
664 1933 740 1980 vidior
756 1939 870 1991 nervos}

339 2016 502 2079 Impositoque
520 2009 592 2058 Getes
610 2008 652 2057 sub
670 2005 730 2071 pede
743 2009 833 2075 multus
844 2024 903 2058 etat.

308 2094 402 2157 Pugnat
416 2088 447 2154 ad
462 2085 599 2150 e'xemplum
617 2084 690 2132 Primi
706 2087 786 2134 minor
799 2084 884 2134 ordine
898 2084 962 2133 Piiit

258 2171 291 2227 50
338 2168 464 2231 Multaque
482 2164 527 2213 fert
543 2162 612 2230 miles
626 2160 740 2221 vulnera,
758 2161 834 2211 muita
853 2162 919 2211 facit.

306 2244 352 2298 Sed
373 2244 466 2294 tanttiur
485 2245 559 2290 virtus
576 2240 637 2287 aiios
655 2252 695 2286 tua
714 2241 817 2304 preterit
831 2243 935 2299 ornnes,

308 2327 311 2331 ’
337 2326 398 2373 Ante
420 2324 480 2369 citos
501 2316 617 2383 quauttim
637 2314 736 2379 Pegasus
754 2318 805 2365 ibat
824 2332 907 2381 equos.

304 2403 415 2453 Vincitur
432 2396 562 2461 AEgyps033
584 2394 711 2457 testataque
732 2409 824 2459 tempus
841 2398 866 2442 in
881 2412 955 2445 omne

336 2479 395 2527 Sunt
412 2488 472 2535 tua,
492 2470 591 2523 Vestalis
600 2505 609 2532 ,
625 2474 731 2521 carmine
747 2472 807 2522 fasta
820 2488 885 2523 meo.

703 3095 906 3166 ‚EPISTOLA
926 3099 1009 3165 VIII.
