2325 3959
437 434 608 499 Irrs.
808 450 873 514 399

194 555 305 619 Corpora
316 552 452 619 pestiferum
464 555 497 601 sic
509 566 549 603 trra
559 554 623 602 virus
633 549 696 603 edat.

152 632 217 692 Qui
228 634 268 681 sua
280 629 411 681 Penthiden
422 631 500 696 proles
511 630 543 679 est
553 630 605 681 ulta
616 630 769 695 Lycurgum,

195 710 253 759 Haec
266 724 361 758 maneat
373 709 415 759 teli
429 723 452 758 te
470 725 565 774 quoque
583 708 653 773 plaga
669 712 736 757 novi.

150 782 243 851 thue
254 786 350 848 Milon,
360 789 432 836 robur
442 786 552 837 diducere
564 780 635 835 fissile
647 800 738 846 rentes,

195 864 248 914 Nec
259 868 333 930 possis
343 880 423 930 captas
433 864 489 914 inde
500 864 586 913 referre
596 880 689 915 manus.

155 944 353 1011 Muneribusque
364 948 409 993 tuis
420 942 529 1003 sederis,
540 958 566 991 ut
578 943 673 1001 lcarus;
684 945 710 992 in
720 960 793 1010 quem

195 1020 282 1070 Intulit
290 1036 391 1070 armatas
402 1023 467 1069 ebria
478 1022 546 1069 turha
557 1036 650 1068 manus.

156 1096 285 1163 Quodque
297 1097 381 1148 dolore
393 1102 456 1149 necis
466 1102 547 1163 patriae
558 1100 597 1163 pia
607 1097 656 1147 filia
667 1099 725 1149 fecit
732 1135 742 1161 ,

194 1176 300 1225 Vincula
309 1192 350 1241 per
362 1178 440 1241 laquei
452 1176 489 1225 fac
502 1178 545 1225 ribi
556 1191 638 1241 guttur
649 1193 712 1226 eant.

158 1252 337 1320 Obstrudoque
348 1254 437 1303 famem
447 1257 542 1319 patiaris
555 1254 638 1302 limine
648 1257 719 1316 tedii,

195 1330 231 1380 Ut
242 1332 319 1397 legem
331 1349 408 1397 poerrae
421 1336 460 1380 cui
477 1330 544 1381 dedit
561 1334 610 1395 ipsa
624 1348 715 1396 parens.

158 1407 232 1456 Illius
242 1409 355 1473 exemplo
365 1409 441 1458 violes
452 1409 577 1457 simulacra
587 1408 688 1469 Dianae,

196 1484 291 1535 Aulidis
302 1503 315 1535 a
325 1501 397 1551 portu
407 1490 449 1552 qui
460 1486 511 1536 leve
522 1489 594 1537 vertit
605 1488 658 1535 iter.

160 1561 335 1627 Naupliadaeve
347 1562 439 1622 modo,
452 1562 506 1612 fluo
518 1579 562 1627 pro
571 1566 686 1622 crimine,
696 1578 777 1627 poenas

197 1641 280 1689 Morte
292 1640 358 1698 luas,
369 1657 413 1694 nec
426 1656 447 1689 re
456 1657 505 1689 non
516 1638 627 1689 meroide
637 1644 712 1704 juver.

161 1718 291 1767 AEthalion
300 1718 350 1771 vitri
362 1718 473 1783 spoliavit
483 1733 509 1767 ut
520 1716 590 1767 Isidis
598 1719 682 1783 hospes
691 1752 700 1778 ,

199 1796 279 1855 Quem
290 1812 384 1844 memor
394 1813 407 1845 a
417 1798 486 1845 sacris
497 1811 667 1862 huncquoque
677 1796 747 1860 pellit
756 1796 809 1845 lon.

163 1872 248 1938 thue
259 1872 399 1923 Melanthea
409 1874 510 1922 tenebris
521 1889 534 1921 a
545 1872 609 1922 caede
620 1874 735 1923 latentem

197 1948 308 1999 Prodidit
318 1948 399 1999 officio
414 1949 584 2009 Iuminiaorba
592 1966 675 2015 parens
684 1969 692 2009 i

162 2028 202 2077 Sic
214 2042 255 2075 tua
266 2030 377 2092 conjestis
388 2026 510 2077 fodiantur
522 2028 617 2091 pedion
628 2028 696 2100 telis:

197 2107 253 2164 Sic,
265 2121 363 2169 precor,
378 2105 471 2156 auxiliis
484 2102 614 2169 impediare
625 2108 681 2153 tuis.

165 2182 252 2243 Qualis
263 2199 336 2247 equos
346 2184 431 2247 pado,
443 2198 503 2249 quos
514 2182 583 2231 fortis
593 2185 678 2247 agebat
689 2182 811 2244 Achilles,

199 2261 256 2307 Aila
269 2260 355 2324 Phrygi
367 2259 454 2309 timido
466 2276 533 2321 nox,
547 2262 592 2309 tibi
600 2260 653 2309 talis
664 2276 711 2311 eat.

166 2335 220 2393 Nec
232 2351 257 2384 tu
264 2370 272 2395 ,
284 2338 358 2402 quim
370 2339 471 2397 Rhesus,
485 2340 570 2387 somno
581 2338 680 2387 meliore
692 2338 791 2399 fruaris3

201 2412 282 2473 Quint
295 2418 395 2464 comiter
408 2417 479 2465 Rhesi
490 2432 541 2465 tum
553 2419 633 2471 necis,
649 2409 703 2465 ante
720 2420 764 2467 viae
777 2438 783 2466 =

166 2490 203 2539 Ut
217 2508 277 2557 quor
292 2508 347 2541 cum
361 2492 451 2542 Rutulo
463 2497 536 2542 morri
554 2496 687 2544 Rhamnete
703 2492 820 2547 dederunt

201 2567 305 2632 impiger
318 2567 474 2632 Hyrtacides,
487 2569 670 2636 Hyrtacidaeque
679 2588 768 2624 comes.

167 2644 317 2695 Cliniadaeve
329 2646 419 2705 modo,
435 2645 595 2696 circumdatus
604 2650 698 2711 ignibus
709 2654 765 2699 atris

200 2723 311 2773 Membra
323 2724 383 2777 feras
395 2727 482 2789 Stygiae
493 2726 656 2773 semicremata
665 2729 720 2775 rati.

166 2800 232 2849 Utve
245 2801 320 2849 Remo
332 2818 413 2851 neuros
425 2804 485 2851 auso·
494 2804 591 2850 transire
601 2816 726 2864 recenter,
882 2828 928 2880 ⁶35

203 2877 283 2927 Noxia
293 2882 341 2930 sint
351 2882 424 2944 capiti
435 2879 519 2928 rustica
529 2879 577 2928 tela
588 2893 640 2927 tuo.

168 2955 294 3020 Denique,
307 2959 446 3007 Sarmaticas
458 2960 519 3005 inter
529 2956 672 3021 Geticaeque
687 2955 799 3020 sagittar,

204 3033 264 3092 His,
280 3051 380 3099 precor,
398 3048 424 3083 ut
437 3036 503 3087 viras
520 3037 544 3083 hc
560 3036 662 3082 moriare
679 3032 747 3082 locis.

170 3106 228 3162 Haec
244 3112 287 3161 tibi
299 3113 410 3178 tantisper
421 3113 499 3163 subito
510 3115 558 3163 siut
570 3107 639 3162 miffa
649 3108 751 3172 libello,
