2325 3959
271 391 559 459 Fusa-ornis
583 387 668 455 Lis.
693 382 760 454 IV.
820 403 882 468 113

196 509 235 559 Et
247 526 323 559 novus
331 511 429 559 accenso
439 507 538 557 sinditru
548 510 604 572 igne
613 506 690 556 focus

148 588 229 639 Inde
242 606 350 655 premens
360 590 444 639 stivam
454 588 563 653 designat
574 592 663 637 moenia
673 586 752 635 sulco:
885 576 932 635 8²5

201 668 267 717 Alba
280 672 363 732 jugum
379 671 452 716 niveo
460 682 517 713 cum
527 666 589 714 bove
598 682 670 714 vacca
682 663 746 712 tulit.

155 744 226 793 Vox
240 743 288 794 fuit
301 748 350 793 haec
361 746 421 807 regis
434 761 442 801 3
454 740 579 791 Condenti
591 739 790 805 luppiterurbenr
802 769 811 795 ‚

203 822 238 870 Et
255 825 350 886 genitor
360 821 458 869 Mavors
468 854 476 877 ,
488 819 603 884 Vestaque
615 834 709 876 mater,
722 813 793 872 adest

164 896 290 964 Quosque
308 901 374 963 pium
392 896 425 945 est
434 894 544 945 adhibere
555 896 638 957 Deos,
650 894 767 945 advertite
774 892 850 939 cursui
861 910 867 939 ι

204 977 348 1040 Auspitibus
365 975 452 1033 vobis,
468 977 515 1022 hoc
525 976 586 1023 milri
596 976 676 1039 surgat
688 988 757 1037 opus.
887 961 935 1020 830

166 1051 257 1117 Longa
275 1055 306 1101 sit
316 1055 371 1101 huic
381 1067 451 1111 atas,
462 1049 614 1117 dominaque
625 1054 731 1117 potentia
743 1064 827 1107 terrae3

179 1171 183 1177 ,
202 1132 287 1195 Sitque
296 1131 338 1179 sub
348 1132 392 1179 hac
401 1133 480 1179 oriens
490 1129 654 1194 occiduusque
662 1127 721 1177 dies.

167 1205 216 1255 lile
234 1208 372 1271 precabatur
384 1226 390 1255 ε
402 1211 496 1256 tonitru
507 1205 574 1256 dedit
585 1211 667 1255 omina
677 1206 738 1255 lavo

202 1283 329 1347 luppiter:
343 1288 368 1333 dt
382 1284 444 1333 laevo
459 1284 561 1333 fulmina
571 1281 640 1332 missa
651 1284 718 1347 polo.

168 1358 280 1423 Augurio
291 1360 340 1408 laeti
350 1364 441 1425 jaciunt
451 1360 593 1409 fundamina
608 1363 683 1415 cives,
888 1343 901 1391 ⁸
907 1360 932 1407 35

205 1436 237 1485 Et
251 1453 326 1485 novus
339 1440 424 1501 exiguo
435 1453 543 1501 tempore
557 1453 639 1485 murus
649 1450 706 1485 erat.

170 1512 227 1562 Hoc
236 1511 309 1562 Celer
319 1529 386 1577 urget
394 1530 454 1577 opus
465 1549 473 1573 ,
485 1530 557 1578 quern
566 1513 685 1562 Romulus
692 1514 741 1577 ipse
750 1514 849 1563 vocitat
860 1532 868 1573 3

203 1592 320 1656 Sintque,
338 1590 427 1651 Celer,
438 1608 500 1645 cruae
511 1626 519 1648 ‚
531 1590 636 1650 dixerat,
654 1590 696 1639 illa
710 1605 770 1639 tue:

77 1683 78 1686 ’
170 1667 239 1718 Neve
249 1671 302 1734 quis
313 1683 354 1718 aut
363 1685 444 1718 muros
455 1703 464 1728 ,
476 1684 517 1718 aut
527 1671 618 1719 versam
629 1684 727 1719 vomere
741 1682 828 1717 terram

204 1746 319 1795 Transeat
329 1764 335 1794 t
345 1744 472 1796 audentem
483 1746 540 1816 talia
549 1745 611 1797 dede
621 1749 685 1797 neci.
887 1736 935 1801 840

170 1821 246 1883 Quod
261 1825 348 1873 Remus
359 1828 486 1895 ignorans,
497 1826 600 1875 humiles
608 1840 762 1876 contemnere
772 1840 853 1875 muros

204 1899 290 1964 Coeprr
302 1919 308 1948 z
324 1906 369 1960 δι,
386 1902 429 1950 His
440 1902 561 1966 populus,
578 1902 672 1963 dicere,
687 1918 752 1953 tutus
762 1903 819 1952 erit!

170 1976 224 2027 Nec
239 1995 322 2027 morat
332 1978 458 2027 transiluit.
474 1981 551 2029 Rutro
561 1979 634 2030 Celer
645 1994 747 2044 occupat
758 1981 839 2028 ausum
849 1996 858 2038 3
919 2034 924 2037 ,

204 2053 248 2102 ille
259 2058 347 2119 premit
356 2052 440 2103 duram
453 2056 647 2119 sanguinolentus
657 2059 767 2105 humum.

172 2129 230 2180 Haec
245 2133 285 2181 ubi
303 2148 344 2181 rex
356 2131 457 2186 didicit,
471 2132 586 2194 lacrymas
597 2136 711 2183 introrsus
723 2136 820 2182 obortas
886 2112 931 2171 845

204 2208 326 2270 Devorat,
340 2214 365 2259 δι
382 2210 489 2259 clausum
504 2214 598 2275 pedore
610 2210 697 2262 vulnus
706 2211 787 2259 habet.

172 2286 238 2337 Flere
252 2287 331 2353 palam
345 2303 396 2337 nou
410 2287 480 2347 vult,
491 2288 645 2353 exemplaque
656 2287 730 2337 fortia
740 2288 835 2346 servat3

204 2368 288 2431 sicque
305 2380 372 2414 meos
383 2381 465 2414 muros
476 2367 578 2419 transeat
589 2365 676 2423 hostis,
690 2367 732 2414 ait.

173 2445 221 2496 Dat
238 2459 318 2493 tamen
329 2444 447 2508 exsequias
459 2460 466 2490 t
477 2458 522 2493 nec
533 2447 582 2507 jam
592 2440 732 2507 suspendere
743 2440 827 2492 fletum
887 2500 892 2509 ¹
965 2432 969 2439 ’

204 2523 304 2572 Sustinet
316 2556 324 2580 ‚
343 2525 367 2570 &
379 2524 453 2586 pietas
464 2519 612 2570 dissimulata
626 2535 701 2585 patet.
885 2502 932 2561 ⁸50

173 2602 305 2665 Osculaque
321 2599 437 2665 applicuit
454 2602 533 2663 posito
544 2601 652 2664 suprema
663 2598 751 2649 feretro
762 2614 772 2657 ς

204 2680 281 2742 Atque
292 2679 325 2725 air
337 2692 346 2733 ·,
362 2676 442 2724 lnvito
457 2676 530 2725 stater
541 2674 651 2734 adema,
662 2675 725 2725 valet

173 2750 315 2819 Arsurosque
323 2767 386 2802 artus
392 2756 460 2801 unxit
468 2772 475 2801 z
483 2752 559 2803 secere
567 2788 577 2808 ,
590 2752 657 2818 quod
666 2753 725 2814 ille,

206 2830 345 2889 Faustulus,
361 2834 386 2879 &
398 2830 487 2879 mestas
498 2831 561 2880 Acca
570 2831 649 2884 soluta
660 2849 750 2884 tomas.

175 2910 236 2967 Turn
245 2911 356 2973 juvenem
365 2905 474 2957 nondum
485 2905 540 2959 faui
550 2906 635 2959 flevere
648 2909 760 2970 Quirites.

205 2989 297 3039 Ultima
314 2988 409 3052 plorato
427 2986 520 3037 subdita
535 2987 632 3038 flamma
649 3006 717 3056 rogo.

176 3068 234 3126 vus
252 3069 327 3121 oritur
337 3064 347 3134 (
356 3069 410 3134 quir
420 3080 477 3119 tunt
486 3068 535 3119 hoc
546 3065 590 3121 ulli
601 3066 695 3121 credere
705 3066 782 3137 posset
791 3071 800 3119 l
809 3044 835 3137 )‘
