2325 3959
484 394 655 463 [Bia
862 412 960 479 W?

245 513 354 583 Corpore
364 517 471 569 lustravit
481 534 531 567 non
541 515 654 566 diuturna
664 517 707 565 suo
719 532 726 563 ι

211 593 312 660 thue,
323 612 412 645 novum
423 595 490 661 passi
499 611 571 659 genus
582 588 775 659 Hippomeneide
785 604 862 655 penae
873 623 880 643 r
934 602 976 646 335

246 674 343 723 Traiius
354 678 379 723 in
390 676 466 722 elstan
477 672 551 721 fertur
562 669 655 721 adulter
664 674 757 719 humor
849 702 852 705 -

211 750 264 808 Sit,
277 752 316 798 ubi
327 754 376 799 vita
386 765 439 799 tuos
446 751 521 799 invisa
531 750 654 814 reliquerit
664 762 742 800 artus,

245 828 342 877 Ultores
354 832 445 893 rapiant
456 841 523 891 turpe
534 824 634 876 cadaver
644 828 709 891 equi.
748 860 751 866 .

209 903 307 955 Viscera
317 909 350 953 sic
361 906 446 971 aliquis
456 904 565 969 scopulus
578 920 618 954 tua
630 903 689 969 figat
698 938 706 962 ,
716 916 743 951 ιιι
753 901 815 951 olim

243 983 301 1031 Fixa
312 984 354 1031 sub
364 984 473 1033 Euboico
486 983 557 1047 Graia
566 982 631 1029 suere
643 984 705 1030 sinu.

209 1057 292 1124 thue
304 1060 370 1109 feror
380 1064 450 1125 periit
462 1064 486 1109 δι
499 1060 600 1109 fulmine
611 1062 635 1108 δι
645 1072 744 1125 aequore
753 1070 848 1123 raptor,

242 1139 281 1186 Sic
297 1153 319 1187 te
332 1141 447 1187 mersuras
460 1136 557 1203 adiuvet
571 1141 633 1202 ignis
648 1154 729 1203 aquas.

209 1214 280 1265 Mens
291 1220 432 1283 quoquesic
444 1218 462 1265 F
464 1220 520 1265 uriis
534 1232 616 1266 vecors
631 1218 748 1280 agitetur,
761 1228 788 1263 ut
802 1213 840 1262 illi

241 1292 324 1341 Unum
337 1297 375 1343 cui
389 1309 443 1343 toto
460 1310 560 1359 corpore
576 1292 663 1344 vulnus
680 1308 738 1342 erat.

207 1367 289 1436 thue
299 1370 439 1433 Dryantirlae
449 1368 593 1441 Ryrodopera
604 1386 676 1437 regna
684 1360 793 1429 tenenti,

241 1447 268 1497 ln
280 1452 377 1512 gemino
387 1442 466 1515 dispar‘
477 1452 515 1498 eui
526 1447 586 1514 pede
597 1449 675 1500 tultus
687 1462 746 1496 erat.

206 1523 242 1575 Ut
255 1526 300 1575 fuit
311 1527 385 1577 OEtaeo
397 1525 519 1593 quondam
531 1562 539 1587 ,
549 1542 686 1593 generoque
694 1524 843 1587 draconum,

239 1606 407 1672 Tisamenique
419 1610 496 1671 patri,
508 1604 677 1672 Calliroe'sque
686 1607 750 1654 viro.

204 1680 257 1732 Nec
269 1684 313 1731 tibi
323 1686 448 1748 contingat
458 1697 568 1734 matrona
578 1682 688 1749 pudicior
698 1681 758 1743 illa,
771 1687 775 1693 '

237 1759 292 1820 Qui
302 1763 381 1825 potuit
392 1758 489 1824 Tydeus
501 1758 617 1811 erubuisse
631 1776 703 1811 nuru.

203 1835 310 1903 Quaque
322 1839 356 1886 sui
370 1838 487 1886 Venerem
498 1840 576 1903 junxit
587 1839 729 1887 sumitatre
740 1840 839 1893 marlei,

238 1914 319 1964 Locris
333 1919 357 1964 in
369 1914 620 1965 antillae'dissimulata
632 1932 725 1965 necem.
835 1911 837 1913 ’

126 2044 133 2067 .
202 1989 238 2040 Di
249 2009 344 2058 qunque
356 2008 406 2042 tam
418 1992 506 2042 saciant
517 1996 592 2057 possis
602 1992 704 2057 gaudere
714 1991 782 2043 fideli

236 2068 363 2136 Conjuge‚
380 2088 452 2137 quam
468 2071 536 2119 Talai
552 2063 720 2137 Tyndareique
736 2071 821 2135 gener!

201 2146 325 2213 Quaeque,
342 2166 422 2215 parare
436 2150 482 2197 suls
499 2147 574 2197 letum
589 2150 735 2213 patruelibus
754 2149 832 2206 ausae,
908 2140 911 2146 ¹

234 2224 341 2286 Belides,
358 2226 450 2276 assidui
465 2226 528 2276 colla
540 2240 680 2291 premuntur
692 2226 762 2291 aqui.

110 2303 115 2312 “
148 2346 152 2351 .
200 2302 352 2367 Byblidos&
366 2300 827 2369 Canaces,sicutfacit‚ardeatignee

235 2380 302 2440 Nec,
313 2384 358 2433 nisi
369 2399 409 2446 per
419 2386 509 2430 crimen
519 2416 526 2441 ,
538 2385 568 2430 sit
578 2383 622 2430 tibi
633 2397 691 2431 nota
703 2385 779 2431 soror.

200 2458 291 2518 filiani
302 2457 391 2517 fuerit,
405 2462 435 2507 sit
446 2458 513 2524 quod
525 2459 627 2524 Pelopea
637 2460 762 2522 Thyesta,

232 2538 331 2599 Myrrha
343 2538 384 2585 suo
396 2540 473 2600 patri,
486 2536 675 2603 Nyilimeueque
686 2540 737 2587 suo.

200 2614 268 2665 Neve
279 2618 353 2682 magis
366 2616 403 2679 pin
414 2617 461 2673 sir,
478 2616 598 2679 capitique
608 2615 711 2679 parentis
721 2618 812 2677 amica,

233 2692 315 2752 Qulm
327 2692 436 2751 tibi'vel,
452 2691 560 2751 Pterela,
572 2692 610 2744 vel
621 2694 666 2741 tibi
676 2728 685 2751 ‚
697 2693 768 2751 Nise,
781 2694 836 2743 suit.

198 2768 366 2834 Infamemque
379 2769 460 2818 locum
471 2770 564 2819 sceleris
577 2786 630 2835 quae
641 2772 739 2822 nomine
751 2770 824 2827 fecit,

231 2848 317 2896 Pr'essit
328 2851 352 2896 δι
364 2845 464 2897 indutiis
474 2850 583 2897 membra
592 2864 689 2913 paterna
701 2853 768 2899 totis.

198 2924 233 2973 Ut
244 2928 357 2990 juvenes,
368 2942 465 2991 pereas,
478 2944 582 2993 quorum
594 2927 686 2993 fastigia
696 2928 776 2979 vultus

228 3001 296 3051 Olim
307 3004 378 3053 Piseae
390 3004 516 3054 sustinuere
528 3005 595 3056 fotis.

194 3076 234 3127 Ut
244 3082 285 3147 qui
295 3080 414 3147 perfusam
424 3085 565 3136 miserorum
575 3086 635 3152 saepe
643 3100 772 3152 procorum
781 3118 790 3141 ‚

725 3164 794 3237 Ru
