2325 3959
295 389 363 453 124
434 364 476 433 P.
505 362 660 432 Ovrnrr
682 364 876 433 NAeorrre

324 485 412 535 Attulit
425 492 434 537 ἓ
451 489 563 556 exponit,
575 502 648 552 quem
662 500 743 551 petat,
756 486 797 536 illa
806 487 898 537 locum.

289 564 425 615 Addidit&
436 566 544 613 causam:
556 565 633 613 verbis
645 564 738 613 solabar
747 567 838 613 amicis.

322 644 380 692 Non
392 678 400 703 ‚
412 645 507 709 inquit,
517 643 595 693 verbis
606 658 661 691 cura
672 640 773 692 levanda
783 658 837 691 mea
847 641 888 689 est.

288 722 312 771 Si
322 736 388 787 pater
397 721 431 770 est
443 722 532 780 fadus,
544 720 653 786 negledio
665 723 773 785 conjugis
784 722 841 780 usu,

239 815 286 862 240
318 801 426 865 luppiter
433 834 441 859 ,
453 804 479 849 bc
490 799 554 849 solus
562 807 658 847 ‘nomen
669 811 796 863 utrumque
805 808 888 857 tenet,

286 876 339 930 Cur
355 894 400 943 ego
412 875 534 942 desperem
545 875 596 925 lieri
608 878 658 925 sine
670 878 772 941 conjuge
782 890 871 924 mater:

318 954 349 1004 Et
360 972 441 1020 parere
451 956 540 1003 intado
550 989 558 1015 ,
570 952 706 1003 dummodo
718 954 796 1013 casta,
807 956 884 1006 uiro?

284 1032 375 1082 Omnia
385 1034 483 1083 tentabo
493 1032 547 1081 latis
555 1030 715 1081 medicamina
727 1036 810 1090 terris,

212 1161 218 1171 ,
317 1112 348 1161 Et
361 1111 437 1171 freta,
452 1111 578 1159 Tartareos
587 1113 752 1175 excutiamque
762 1112 834 1159 sinus.

236 1196 280 1246 ²45
284 1190 339 1240 Vox
350 1206 401 1239 erat
411 1193 437 1239 in
447 1192 529 1239 eursu:
540 1188 637 1240 vultum
645 1186 777 1237 dubitantis
787 1188 915 1237 habebam.

315 1267 403 1317 Nescio
412 1264 489 1333 quid,
501 1265 615 1331 Nymphe
625 1300 633 1326 ,
644 1264 711 1331 polle
721 1265 809 1315 videris
820 1299 828 1324 ,
843 1269 886 1315 ait.

282 1345 331 1398 Ter
343 1346 410 1397 volui
420 1348 561 1411 promittere
571 1361 643 1409 opem
655 1378 664 1399 ‚
676 1360 710 1395 rer
721 1344 802 1410 lingua
812 1358 903 1395 retenta
911 1345 957 1395 esta

313 1424 352 1473 ira
366 1424 431 1473 Joris
441 1427 521 1488 magni
532 1424 601 1473 causa
610 1426 703 1472 timoris
714 1436 773 1474 erat.

280 1500 345 1560 Fer,
364 1518 464 1565 precor,
477 1500 594 1552 auxilium
609 1536 617 1559 ,
634 1498 711 1560 dixit3
727 1499 842 1551 celabitur
858 1504 959 1552 tutiora

233 1590 281 1642 250
314 1580 345 1627 Er
354 1581 441 1643 Stygiae
450 1576 685 1627 numentestlfieatur
695 1594 769 1644 aquae.

280 1654 354 1716 Quod
369 1658 448 1719 petis,
459 1656 551 1703 Oleniis
561 1658 693 1721 ‚inquam,
706 1658 766 1705 mihi
777 1654 857 1705 millias
866 1656 895 1706 ab
906 1661 971 1708 arvis

312 1734 367 1781 Flos
377 1731 444 1782 dabit
456 1751 463 1780 r
475 1732 508 1789 est
517 1734 593 1781 hortis
605 1736 688 1782 unicus
699 1732 741 1782 ille
753 1737 821 1783 meis.

279 1808 1000 1877 Quidabat,Hoc,dixit,sterilemquoquetangejuvencam,

311 1890 390 1939 Mater
400 1891 452 1937 etit.
464 1889 560 1953 Tetigi:
575 1905 619 1937 nec
631 1906 713 1948 mora,
726 1904 801 1939 mater
810 1904 868 1941 erat.

230 1961 387 2029 255Protinns
394 1968 522 2015 herentem
534 1964 639 2031 decerpsi
650 1966 739 2031 pollice
749 1966 848 2016 liorem:

310 2046 444 2110 Tangitur,
460 2048 484 2093 bc
496 2046 558 2093 tado
570 2046 676 2109 concipit
687 2044 730 2093 illa
741 2048 802 2094 sinu.

276 2124 376 2189 Jamque
386 2125 462 2189 gravis
473 2122 599 2177 Thracen,
615 2125 639 2171 bc
651 2122 708 2171 laeva
717 2122 876 2188 Propontidos
883 2126 976 2175 intrata

309 2204 393 2272 Fitque
404 2216 488 2265 potens
497 2202 564 2258 voti,
576 2199 689 2265 Marsque
701 2215 791 2251 creatus
803 2217 861 2251 erat.

277 2280 325 2341 Qui
337 2296 430 2328 memor
440 2280 531 2342 accepti
541 2293 583 2343 per
594 2294 633 2326 me
644 2278 729 2332 natalis
740 2312 748 2338 ,
765 2279 859 2329 Habeto

228 2363 276 2403 260
308 2360 347 2406 Tu
354 2373 454 2423 quoque
471 2353 607 2413 Romulea,
620 2353 698 2414 dixit,
714 2358 738 2404 in
753 2354 818 2405 Urbe
830 2357 922 2411 locum.

276 2438 384 2485 forsitan
395 2438 420 2483 in
432 2436 516 2482 teneris
525 2432 619 2482 tannim
630 2449 684 2481 mea
695 2450 765 2498 regna
774 2438 868 2484 coronis

308 2512 362 2563 Effe
372 2529 455 2578 putes:
468 2527 568 2575 tangunt
576 2527 666 2559 numen
674 2516 761 2562 &arva
772 2529 862 2562 meum.

275 2594 299 2641 Si
310 2594 370 2640 bene
381 2590 505 2640 floruerint
512 2584 616 2654 segetes,
628 2592 673 2638 erit
681 2606 733 2639 area
745 2588 820 2642 dives.

307 2673 330 2719 Si
342 2672 401 2718 bene
411 2668 517 2717 floruerit
527 2671 608 2727 vinee,
625 2667 730 2715 Bacchus
741 2671 795 2717 erit.

227 2739 298 2807 acesi
313 2748 372 2795 bene
384 2744 509 2795 floruerint
518 2745 578 2794 oleae
587 2778 595 2805 ,
605 2743 761 2796 nitidissimus
772 2762 845 2796 annus
855 2766 863 2808 ς

307 2826 428 2887 Pomaque
438 2836 580 2886 proventum
597 2825 709 2885 temporis
719 2826 788 2889 hujus
798 2826 895 2875 habent.

274 2902 343 2951 Flore
354 2902 509 2960 semel'laeso,
520 2915 619 2966 pereunt
629 2903 743 2967 viciaeque
754 2902 875 2969 fabaque,

306 2979 337 3029 Et
346 2994 445 3049 pereunt
452 2979 543 3037 lentes,
557 2976 648 3028 advena
659 2978 716 3027 Nile
728 3014 735 3039 ,
750 2996 804 3029 trrae.

229 3080 232 3083 ⁴
273 3058 336 3108 Vina
346 3073 441 3127 quoque
452 3091 462 3118 ,
475 3059 501 3107 in
517 3058 609 3120 magnis
620 3056 717 3121 operose
727 3057 825 3111 condita
836 3060 918 3123 cellis,
