2325 3959
310 374 374 457 382
436 372 480 441 P.
505 375 882 447 OvrntrNAsonrs

272 544 274 551 ,
336 493 410 543 Terta
420 496 451 544 sit
461 512 487 545 ut
497 499 595 561 propior
606 497 752 548 testificanda
764 502 833 550 mihi.

303 570 335 620 At
346 573 407 631 tibi,
420 573 514 623 calcasti
523 578 564 640 qui
576 592 630 635 me,
641 576 764 634 violente,
775 582 915 642 iacentem,

255 674 286 723 3⁰
335 650 474 710 Quamlibet
485 657 509 702 bs
520 656 607 702 misero
618 652 712 703 debitus
722 655 793 704 bostis
804 673 856 705 ero.

299 726 400 778 Desinet
409 728 455 779 elle
463 730 526 795 ptitls
537 733 669 781 contrarius
679 734 773 797 ignibus
784 736 889 793 humors

332 806 463 873 Junslaque
472 826 528 857 cum
540 810 606 857 Luna
616 808 693 859 sidera
705 810 767 859 Solis
777 828 864 871 erunt,

300 884 404 952 Parsque
413 885 497 937 eadem
509 888 566 937 coli
576 888 699 952 Zephyros
709 892 806 939 emittet
815 894 840 940 ὃ(
850 890 945 950 Eusos;

332 963 363 1013 Et
373 963 466 1028 tepidus
477 964 557 1029 gelido
568 963 637 1013 flabit
647 966 677 1013 ab
687 982 729 1013 axe
742 968 817 1017 lotus
828 985 837 1026 5

252 1060 279 1109 35
299 1043 330 1093 Et
339 1060 402 1093 nova
410 1044 515 1093 fraterno
525 1046 606 1092 veniet
615 1043 746 1093 concordia
757 1045 844 1106 fumo,

299 1170 300 1173 ,
330 1122 408 1181 Quem
418 1136 485 1171 vetus
498 1120 596 1169 attensi
606 1122 697 1185 separat
707 1124 742 1169 ita
752 1123 828 1187 pyri,

296 1199 328 1250 Et
338 1200 386 1248 Ver
395 1202 535 1256 Autumno,
546 1198 640 1247 Brumae
649 1199 788 1247 miscebitur
798 1198 873 1250 AEllas
884 1220 893 1260 ς

328 1277 407 1341 Atque
417 1271 501 1323 eadem
510 1277 576 1339 regio
588 1273 711 1337 Vesper&
722 1274 796 1323 Ortus
804 1292 889 1326 esunt:

293 1353 375 1415 Qudm
386 1355 445 1402 mihi
455 1355 485 1401 sit
494 1367 574 1401 tecum
583 1385 592 1412 ,
602 1354 685 1417 positis
695 1368 749 1417 quae
761 1354 888 1403 sumsimus
899 1359 987 1417 armis,

324 1431 423 1491 Gratia,
435 1432 582 1488 commissis,
593 1429 721 1495 improbe,
733 1445 802 1495 rupta
813 1435 870 1481 tuis.

293 1510 340 1559 Pax
349 1513 394 1559 erit
404 1512 453 1557 hac
464 1509 546 1567 nobis,
557 1507 635 1557 donee
646 1510 706 1557 mihi
716 1512 766 1557 vita
776 1510 901 1572 manebit,

324 1587 390 1639 Cum
400 1604 485 1653 pecore
494 1586 592 1637 infirmo
601 1602 655 1653 quar
665 1588 726 1637 solet
736 1585 782 1636 effe
794 1588 865 1653 lupis.

291 1666 371 1716 Prima
379 1666 476 1733 quidem
487 1682 569 1730 coepto
579 1668 733 1715 committam
742 1666 828 1731 ptoelia
838 1669 908 1716 versu
921 1701 931 1729 ,

323 1746 381 1795 Non
391 1745 482 1795 soleant
490 1747 601 1811 quamvis
610 1746 657 1793 hoc
669 1742 728 1808 pede
739 1744 802 1793 bella
811 1749 872 1809 geri.

241 1854 270 1900 45
289 1824 371 1891 thue
383 1827 444 1890 petit
453 1822 533 1888 primb
542 1812 641 1887 plenum
653 1821 762 1872 flaventis
772 1838 848 1871 arenae

321 1900 438 1953 Nondum
449 1900 541 1951 calfasii
551 1900 631 1949 velitis
640 1900 705 1950 hasta
715 1899 810 1973 solum3

287 1984 326 2033 Sic
337 1998 382 2047 ego
394 1996 417 2029 te
427 1979 490 2028 ferro
501 1976 610 2027 nondum
620 1977 744 2041 iaculabor
752 1993 841 2039 acuto,

319 2060 430 2108 Protinus
439 2059 542 2106 invisum
550 2072 596 2108 nec
607 2070 673 2120 petet
683 2057 746 2105 basta
758 2072 839 2122 caput.

286 2136 318 2188 Et
328 2152 403 2203 neque
414 2151 503 2185 nomen
514 2138 539 2183 in
549 2136 613 2192 hoe,
624 2150 668 2183 nec
679 2133 758 2183 dicam
770 2135 830 2184 fassa
841 2134 928 2186 libello
940 2155 947 2186 e

317 2216 400 2280 Teque
409 2216 487 2272 brevi,
498 2214 540 2277 qui
550 2214 580 2260 sis
590 2246 598 2268 ,
610 2210 758 2261 dissimulare
768 2216 853 2261 sinam.

226 2340 229 2345 ,
283 2291 431 2350 Postmodo,
443 2294 461 2340 si
472 2306 569 2355 perges,
582 2293 608 2337 in
619 2304 642 2337 te
652 2292 712 2337 milri
723 2290 783 2338 liber
793 2292 887 2339 iambus

315 2372 399 2420 Tinsla
410 2368 545 2431 Lycambeo
555 2368 668 2431 sanguine
679 2368 726 2416 tela
740 2366 816 2417 dabit.

281 2448 353 2499 Nunc
363 2482 372 2505 ,
383 2462 432 2512 quo
443 2443 562 2493 Battiades
571 2448 699 2495 inimicum
711 2444 815 2497 devovet
824 2448 894 2509 lbin,

314 2526 368 2575 Hoc
378 2541 423 2589 ego
434 2521 541 2572 devoveo
552 2537 623 2588 teque
634 2539 734 2590 tuosopre
744 2524 829 2575 modo.

233 2635 260 2685 55
278 2603 360 2669 thue
370 2602 412 2651 ille
422 2636 430 2660 ,
442 2601 543 2649 historiis
553 2602 676 2653 involvam
687 2607 793 2653 carmina
803 2607 870 2654 eaecis
880 2622 888 2653 e

311 2682 369 2732 Non
380 2680 469 2730 soleam
481 2680 590 2745 quamvis
599 2682 647 2727 hoc
656 2696 729 2743 genus
736 2684 785 2745 ipse
797 2683 874 2747 sequi.

277 2758 345 2809 lllius
354 2759 466 2822 ambages
476 2760 582 2806 imitatus
592 2760 619 2805 in
628 2756 694 2807 lbide
704 2756 788 2819 dicar,

312 2838 407 2887 Oblitus
418 2838 491 2885 motis
501 2835 631 2901 judiciique
641 2838 699 2885 mei.

242 1468 277 1513 40

240 2176 270 2223 §0

278 2928 309 2978 Et
319 2931 433 2993 quoniam
443 2963 451 2986 ‚
463 2930 504 2992 qui
516 2930 545 2975 sis
556 2925 680 2992 ,nondum
690 2928 849 2993 quarentibus
861 2930 929 2996 edo,

309 3004 381 3055 Ibidis
392 3010 480 3055 interea
491 3020 516 3052 tu
528 3022 624 3070 quoque
633 3022 722 3055 nomen
732 3009 800 3056 habe.

230 3045 263 3083 ω
276 3083 358 3150 thue
369 3087 417 3133 mei
426 3084 507 3138 versus
514 3082 664 3149 aliquantum
673 3088 749 3134 nostis
759 3087 897 3151 habebunt,
