2325 3959
301 362 365 425 ¹92
440 335 484 404 P.
513 337 670 403 orum
690 335 885 400 NAsours

107 495 109 502 .
160 501 168 508 .
251 459 380 528 185Mitius
391 460 500 508 exsilium
511 461 530 506 si
540 455 599 515 das,
615 458 758 522 propiusque
767 457 862 519 roganti
870 489 888 514 ,,

329 540 384 586 Pars
395 540 439 586 erit
450 534 544 601 epoensr
557 551 645 598 magna
661 533 738 582 levata
755 532 818 581 mei.

295 616 390 670 Ultima
402 617 535 680 perpetior,
547 611 640 662 medios
650 615 767 676 proiestus
777 614 803 658 in
812 609 905 668 hoster,

329 692 380 742 Nec
392 695 517 756 quisquam
530 687 607 753 patriti
617 687 711 751 lougius
722 685 787 734 exsul
796 685 869 733 abeli.

296 770 365 819 Solus
373 767 406 818 ¹ad
415 765 517 832 egreffus
524 763 606 816 rullius
616 764 775 828 septemplicis
783 761 851 820 lstri,

250 866 294 909 ¹90
328 849 454 900 Parrhasiae
469 841 549 910 gelido
565 845 664 906 virginis
675 859 717 890 axe
728 857 833 905 premor.

295 926 402 988 Jaziges,
421 927 445 971 ὃ(
457 921 562 979 Colchi,
576 918 728 985 Meteriaque
740 919 824 977 turba,
836 915 969 982 Getaeque,

328 1001 433 1052 Danubii
443 997 528 1048 mediis
539 1001 577 1047 vix
588 999 744 1062 probibentur
754 999 830 1062 aquis.

285 1077 408 1144 Cumque
421 1076 464 1128 alii
481 1075 550 1126 causi
562 1079 607 1125 tibi
618 1079 665 1124 sint
674 1079 782 1140 graviore
794 1074 888 1138 fugati,

326 1154 432 1204 Ulterior
443 1153 503 1203 nulli
512 1193 519 1214 ‚
536 1153 611 1220 quim
618 1155 679 1201 mihi
689 1187 696 1210 ,
711 1167 774 1200 terra
783 1149 839 1200 data
847 1149 897 1206 cst,

248 1231 398 1297 ¹95Longius
408 1235 452 1280 hac
464 1230 525 1282 nihil
538 1231 570 1280 eu
580 1265 588 1289 ,
598 1233 645 1278 nisi
655 1244 749 1279 tantum
759 1229 833 1292 frigus
850 1231 874 1275 ὅ(
884 1226 973 1280 hostis,

325 1310 356 1357 Et
371 1311 441 1358 maris
451 1310 544 1360 altrisio
554 1324 607 1373 quae
618 1313 670 1356 coir
683 1305 746 1356 unda
760 1306 825 1370 gelu.

292 1387 410 1436 Hactenus
425 1387 510 1436 Euxini
520 1402 572 1450 pars
584 1385 617 1434 eu
628 1387 736 1435 Romana
746 1385 845 1432 sinistri:

325 1465 436 1514 Proxima
447 1464 560 1514 Ballernae
576 1465 766 1527 Sauromataeque
783 1477 872 1510 teuent.

292 1541 349 1590 Haec
361 1544 392 1592 est
404 1543 508 1592 Ausonio
520 1541 562 1588 sub
569 1545 620 1606 jure
629 1543 773 1598 novissima,
786 1541 873 1604 virque

245 1629 291 1662 200
323 1621 403 1669 Haerer
413 1625 438 1668 in
449 1621 542 1682 imperii
554 1620 661 1681 margine
673 1633 734 1666 terra
745 1621 790 1666 tui.

293 1695 362 1746 Unde
373 1713 455 1761 precor
467 1695 580 1759 supplex,
593 1710 620 1742 ut
629 1711 672 1743 nos
681 1699 706 1743 in
719 1712 769 1744 tuta
778 1695 866 1760 releges
880 1713 888 1752 l

324 1774 361 1824 Ne
373 1778 402 1822 sit
414 1790 469 1822 cum
482 1771 556 1836 patrii
565 1789 611 1836 pax
622 1789 717 1838 quoque
730 1772 811 1823 demta
823 1777 890 1822 mihi.

290 1850 328 1900 Ne
339 1854 435 1902 timeam
447 1865 543 1915 gentes,
554 1866 669 1916 quasnon
682 1852 740 1898 bene
752 1853 878 1902 submovet
889 1851 965 1911 lster,

321 1928 390 1990 Neve
402 1945 454 1978 tuus
466 1931 555 1994 possint
566 1930 624 1977 civis
635 1930 665 1976 ab
675 1929 741 1978 hoste
754 1935 815 1994 capi.

243 2007 332 2066 205fas
342 2008 453 2070 prohibet
466 2007 536 2056 Latio
552 2021 698 2072 quemquam
707 2005 736 2054 de
744 2009 970 2072 linguinenaturn,‘

321 2083 454 2134 Caesaribus
461 2084 530 2134 salvis
542 2119 551 2144 ,
563 2086 663 2134 barbara
674 2084 752 2132 vincla
761 2089 820 2148 pati.

289 2160 438 2216 Perdiderint
448 2161 503 2212 etim
514 2179 552 2212 me
560 2159 610 2210 duo
619 2164 734 2220 crimina,
746 2178 841 2210 taxillen
851 2165 875 2212 &
886 2179 970 2222 error,

320 2239 423 2294 Alterius
433 2240 488 2296 iasii
499 2240 569 2304 culpa
578 2237 670 2290 silenda
679 2242 740 2291 milti
751 2260 758 2288 ι

289 2315 352 2366 Nam
361 2319 467 2366 nonium
477 2320 552 2377 tanti,
565 2334 712 2371 utrenovem
721 2334 762 2366 tua
768 2318 883 2376 vulnera,
897 2316 985 2376 Cusus.

239 2409 285 2444 210
319 2395 397 2455 Quem
409 2398 485 2444 nimio
496 2396 548 2458 plus
557 2395 589 2443 eli
600 2393 728 2444 indoluilse
738 2395 820 2444 semel.

284 2472 365 2524 Altera
378 2489 430 2537 pars
442 2473 559 2535 superest,
571 2473 618 2538 qui
629 2507 637 2532 ,
650 2477 713 2538 turpi
723 2476 823 2522 crimine
835 2474 923 2532 tostus,

318 2554 410 2614 Argunt
423 2550 519 2598 obsceni
527 2547 611 2598 donor
621 2548 741 2599 adulterii.

284 2627 302 2677 F
304 2645 327 2678 as
338 2644 394 2692 ergo
403 2628 435 2674 ell
446 2625 527 2691 aliqui
537 2627 642 2676 coelestia
653 2627 828 2692 pestotaifalli3

316 2709 347 2757 Et
357 2711 411 2757 sunt
422 2705 510 2756 noririi
521 2706 598 2756 multa
612 2711 706 2756 minora
718 2708 767 2756 tuti.

238 2787 365 2852 ²¹5thue
379 2785 462 2844 Deos,
477 2783 614 2849 coelumqtte
625 2785 696 2833 simul
709 2786 827 2845 sublime,
837 2787 917 2834 tuenti

316 2863 373 2913 Non
384 2877 453 2912 vacat
463 2865 553 2928 exiguis
565 2863 634 2910 rebus
644 2860 721 2913 adesse
731 2864 785 2913 lovi
795 2881 804 2922 ς

283 2944 303 2992 Α
315 2957 337 2990 te
347 2939 489 3006 pendentem
498 2943 529 2990 rit
541 2937 600 2988 dnm
611 2943 771 3006 circumspicis
779 2942 881 3000 orbem,
915 2986 919 2999 ,

314 3016 440 3084 Effugiuut
449 3015 635 3070 currsiuferiota
646 3031 705 3066 tues.

849 3092 871 3133 .'
895 3099 1000 3152 Still'cet
