2325 3959
338 431 610 500 Turturum
634 427 734 495 Lrs.
763 428 815 495 11.
871 446 936 494 201
991 426 992 434 ‘

225 541 296 598 'salia
306 549 394 600 fumosi
406 549 521 600 luduntur
531 552 612 600 mense
622 511 769 610 Decem&
922 526 925 530 Χ

259 627 318 687 Quae
329 628 419 678 damno
431 629 492 677 nulii
503 624 663 693 composuisse
674 627 729 677 fuit.

226 702 271 754 His
281 723 326 770 ego
337 705 451 771 deceptus
458 722 511 764 ,non
521 706 595 754 tristia
605 707 711 754 terminu
721 705 767 755 feti
777 723 790 768 ᾗ

260 783 307 832 Sed
322 783 392 832 tristis
403 783 495 833 nostros
509 798 580 848 poena
595 784 675 832 secuta
684 786 761 847 jocos.

227 855 339 925 Denique
349 877 393 910 nec
406 858 475 911 video
485 859 515 910 de
526 874 564 910 tot
574 861 731 909 scribentibus
740 876 830 923 unum,
943 868 989 917 495

261 937 340 996 Quem
351 940 392 987 sua
399 937 531 1003 perdiderit
541 939 624 988 Musa:
633 953 738 1003 repertus
750 955 805 1004 ego.

227 1013 294 1076 Quid
305 1023 313 1068 ξ
325 1021 344 1066 si
352 1017 493 1083 scripsiffens
504 1022 592 1068 mimos
601 1053 610 1078 ‚
619 1019 722 1069 obscena
727 1023 852 1084 jocantes,

261 1094 309 1155 Qui
319 1097 410 1161 semper
421 1100 490 1146 vetiti
502 1099 594 1146 crimen
604 1100 692 1147 amoris
699 1097 803 1146 babent?

193 1201 200 1209 ·
226 1171 254 1221 in
266 1175 351 1239 quibus
362 1171 453 1224 assidue
464 1174 542 1224 cultus
553 1173 663 1241 procedit
672 1173 782 1234 adulter3

260 1251 386 1318 Verbaque
396 1250 437 1302 dat
448 1253 520 1303 stulto
532 1251 621 1303 callida
632 1268 706 1318 nupta
717 1255 779 1303 viro.
947 1268 994 1317 sco

226 1325 324 1376 Nubilis
335 1331 379 1378 hos
388 1332 473 1394 virgo,
484 1345 642 1396 matronaque
654 1366 662 1391 ,
673 1334 774 1396 virque,
786 1346 906 1398 puerque,
958 1372 961 1378 ,

68 1401 71 1410 ’
161 1435 163 1439 v
261 1407 354 1470 spetiat
366 1426 372 1454 ι
383 1411 408 1456 &
421 1425 433 1455 e
443 1423 530 1472 magna
541 1423 608 1472 parte
619 1411 717 1458 Senatus
727 1405 800 1457 adest.

228 1483 281 1536 Nec
291 1488 346 1536 satis
356 1487 448 1536 incestis
461 1489 570 1557 temerati
577 1488 676 1548 vocibus
687 1504 753 1537 aures
764 1505 773 1546 ς

262 1562 401 1615 Affuescunt
414 1564 482 1614 oculi
491 1565 567 1614 multa
578 1564 691 1631 pudenda
704 1556 763 1631 pati.

229 1641 342 1710 Cumque
353 1644 441 1694 fefellit
449 1661 529 1694 antam
539 1644 620 1711 aliqui
630 1648 737 1696 novitate
748 1645 878 1705 maritum,
949 1661 995 1711 505

262 1721 399 1784 Plauditur3
416 1728 442 1774 bc
450 1739 538 1788 magno
549 1723 630 1789 palma
641 1723 722 1774 favore
734 1722 813 1774 datur.

229 1799 333 1868 Qubque
341 1805 420 1852 minus
430 1800 539 1868 prodest,
550 1818 622 1867 poena
633 1803 666 1851 est
678 1803 771 1851 lucrosa
780 1806 857 1866 po'e'tae
869 1818 878 1858 3

262 1879 386 1945 Tantaque
397 1893 447 1928 non
458 1896 531 1944 parvo
541 1883 642 1929 crimina
653 1881 742 1929 Praetot
752 1883 821 1928 emit.

229 1954 320 2019 Inspice
330 1955 443 2006 ludorum
458 1958 548 2005 sumtus
561 1991 568 2016 ,
580 1955 697 2022 Auguste,
711 1973 825 2017 tuorum5

264 2033 335 2082 Emta
345 2035 389 2083 tibi
401 2049 490 2100 magno
503 2033 559 2083 talia
567 2034 645 2083 muita
654 2035 726 2098 leges.
950 2050 998 2098 510

230 2107 290 2162 Haec
301 2126 327 2160 tu
338 2110 441 2176 speiiasti
451 2146 459 2170 ‚
471 2108 642 2177 spemandaque
654 2113 713 2176 sepe
723 2109 826 2161 dedisti:

264 2188 373 2254 Majestes
384 2187 445 2238 adeb
456 2192 531 2238 tomis
544 2190 633 2253 ubique
645 2203 686 2239 tua
698 2189 740 2237 est.

231 2261 420 2330 Luminibusque
432 2267 491 2325 tuis,
505 2278 569 2314 totus
580 2265 667 2330 quibus
678 2267 769 2313 utimur
780 2265 860 2325 orbis,

250 2349 251 2352 ’
264 2343 361 2394 Stenica
373 2340 544 2392 vidisti-lentus
556 2341 683 2391 adulteria.

64 2486 68 2493 ἡ
128 2469 130 2473 ,
231 2420 338 2469 Scribere
348 2423 367 2469 si
378 2419 583 2470 fmestitnitantes
593 2422 671 2484 turpia
680 2419 786 2480 mimos,
866 2473 871 2486 ,
949 2439 993 2486 5¹5

264 2497 372 2548 Materiae
382 2501 462 2548 minor
473 2500 505 2548 est
517 2497 598 2548 debita
608 2514 680 2564 poena
691 2513 760 2548 rneae.

232 2574 270 2625 An
287 2591 359 2639 genus
371 2579 416 2625 hoc
428 2577 509 2640 scripti
519 2576 612 2626 faciunt
621 2578 662 2625 sua
672 2576 765 2643 pulpita
776 2591 870 2636 tutum3

265 2652 385 2719 Quodque
393 2654 475 2713 iiber,
493 2656 574 2702 mimis
590 2656 660 2703 scena
670 2646 742 2703 licere
754 2651 835 2704 dediti
853 2697 858 2703 .

232 2731 263 2783 Et
273 2746 327 2780 mea
337 2734 391 2780 sunt
398 2731 489 2796 populo
498 2731 583 2784 saltata
593 2735 704 2796 poe'mata
714 2733 774 2797 saepe
786 2749 795 2790 3

260 2811 325 2874 Saepe
334 2809 418 2858 oculos
426 2810 499 2858 eriam
510 2807 633 2858 detinuere
644 2823 707 2858 tuos.
952 2841 997 2887 520

234 2887 347 2945 Scilicet,
360 2890 387 2935 in
400 2884 512 2936 domibus
521 2887 619 2947 vestris,
631 2900 658 2936 ut
667 2890 744 2952 prisca
752 2888 860 2938 vitorum
873 2917 882 2947 ,

266 2963 359 3015 Artifici
370 2964 464 3030 fulgent
474 2980 574 3030 corpora
585 2967 648 3030 pista
657 2981 729 3015 manu
740 2983 749 3025 ι

194 3060 196 3065 ·
231 3045 271 3094 Sic
287 3058 340 3108 quae
351 3044 492 3093 concubitus
501 3045 579 3092 varios
590 3043 736 3110 Venerisque
747 3043 834 3110 figuras

266 3122 407 3188 Exprimit,
424 3121 456 3178 eii
472 3121 554 3188 aliquo
564 3137 637 3186 parua
646 3123 737 3174 tabella
749 3122 816 3172 loco.

793 3205 841 3256 lv
