2325 3959
257 408 325 471 394
374 362 417 454 P'.
444 388 871 459 ovrnrrNAsonrs

286 508 421 573 Tamquam
433 524 485 573 quat
497 512 583 574 patrias
593 508 715 560 detinuere
724 516 783 563 vias.

252 584 310 635 AEre
321 584 422 635 Perilldo
432 604 500 635 veros
510 590 604 637 imitere
616 593 746 654 juvencos,

285 660 323 710 Ad
333 662 437 713 formam
448 668 510 715 tauri
521 670 678 715 conveniente
687 668 757 717 sono.

252 738 316 791 Utve
328 741 395 791 ferox
410 743 531 802 Phalaris,
543 744 626 808 lingui
638 748 701 808 prius
718 746 771 793 ense
785 743 872 793 resedi
879 778 889 802 ‚

203 831 253 876 440
285 820 355 869 More
366 821 433 869 bovis
440 856 448 881 ,
460 822 551 885 Paphio
562 822 654 871 clausus
667 825 693 870 in
705 838 750 870 aere
765 838 856 887 gemas.

254 895 368 962 Dumque
380 897 455 947 redire
466 900 532 949 voles
541 903 586 951 aevi
597 900 703 948 melioris
714 903 739 948 in
750 914 844 960 annos,

287 973 321 1023 Ur
332 988 399 1025 vetus
409 974 506 1025 Admeti
516 974 635 1042 decipiare
645 980 720 1026 socer.

255 1052 334 1117 Atque
344 1070 414 1119 eques
424 1057 450 1103 in
460 1052 534 1103 medii
545 1070 651 1119 mergare
662 1057 777 1119 voragine
790 1055 868 1113 cani,

216 1188 219 1193 Ι
287 1130 429 1181 Dummodo
439 1135 487 1181 sint
497 1132 540 1182 fati
550 1134 650 1183 nomina
660 1132 727 1180 nulla
736 1136 779 1180 tui.

207 1213 332 1281 445Atque
345 1213 436 1259 urinam
447 1226 544 1275 pereas,
555 1210 632 1260 veluti
641 1208 671 1257 de
681 1207 792 1257 dentibus
802 1211 852 1257 orti

286 1284 384 1337 sidonia
395 1291 460 1353 judis
470 1290 542 1354 Graja
552 1304 593 1353 pet
604 1304 659 1337 arva
671 1304 754 1336 manu.

253 1364 286 1414 Er
295 1382 348 1431 quae
360 1365 486 1417 Penrhides
500 1367 569 1420 fecit,
579 1366 698 1431 fraterque
710 1362 832 1419 Medusae,

287 1442 404 1492 Eveniant
414 1446 486 1509 capiti
497 1460 553 1495 vota
564 1442 656 1493 sinistra
664 1458 717 1492 tuo.

255 1520 286 1569 Et
297 1521 382 1584 quibus
392 1524 478 1587 exiguo
490 1522 595 1572 volucris
608 1519 695 1569 devota
706 1518 790 1567 libello
800 1518 851 1578 ell,

206 1616 231 1660 45
238 1616 254 1647 o
287 1596 397 1663 Corpora
407 1599 511 1665 projedil
521 1616 573 1665 qun
587 1601 625 1648 sua
635 1612 720 1662 purgat
731 1613 802 1662 aqua.

256 1674 360 1723 Vulnera
373 1691 457 1741 torque
469 1677 529 1726 feras
539 1712 547 1736 ,
559 1692 620 1741 quot
630 1674 717 1725 dicitur
727 1674 769 1723 ille
779 1670 876 1735 rulill'e,

287 1751 363 1815 Cuius
375 1754 404 1801 ab
414 1754 506 1806 inferiis
516 1752 593 1802 culter
608 1752 686 1802 abelle
702 1752 772 1802 soler.

255 1830 424 1896 Attonitusque
440 1832 518 1891 seces,
529 1845 556 1879 ut
565 1846 626 1895 quos
635 1829 753 1891 Cyb‘elei'a
763 1843 840 1879 mater

288 1908 391 1969 Incitat,
403 1910 519 1973 Phrygios
531 1908 587 1956 vilia
598 1909 706 1956 membra
716 1905 812 1956 modos.

206 1995 231 2038 45
239 1986 338 2051 iDeque
349 1990 402 2037 viro
412 1985 453 2035 fins
463 2003 507 2035 nec
518 1986 624 2043 femina,
638 2001 682 2032 nec
695 1988 745 2044 vir,
761 1999 787 2033 ut
803 1986 865 2033 Artis
872 2001 882 2043 3

286 2064 318 2113 Et
329 2067 421 2130 quatias
432 2062 502 2111 molli
514 2078 629 2127 tympana
638 2078 709 2112 rauca
719 2078 802 2112 manu.

255 2140 329 2206 Inque
343 2156 413 2206 pecus
429 2140 508 2189 subito
523 2141 619 2204 Magne
629 2155 721 2189 vertare
731 2141 856 2201 Parentis3

286 2218 370 2267 Vilior
381 2234 407 2266 ut
419 2218 451 2267 est
462 2218 532 2266 celeri
542 2220 650 2282 vidiaque
658 2219 725 2265 versa
733 2216 805 2281 pede.

190 2302 193 2308 “
254 2294 358 2359 Solaque
369 2296 470 2348 Limone
481 2290 577 2359 pennam
590 2310 619 2343 ne
629 2296 726 2343 senserit
736 2294 823 2355 illam,

204 2382 252 2435 460
287 2372 369 2421 Errua
379 2371 450 2421 dente
461 2372 513 2421 fero
525 2374 614 2421 viscera
624 2388 706 2437 carpat
716 2387 799 2438 equus.

252 2452 318 2507 Aur,
331 2466 357 2498 ιιι
369 2443 542 2503 Οαιῖιιιάιειιι,
554 2448 656 2499 domino
666 2466 715 2498 non
727 2453 810 2499 mitior
820 2449 881 2507 illo.

285 2528 381 2575 Saucius
394 2526 483 2590 ingesta
498 2527 670 2576 contumuleris
680 2530 773 2576 humo:
953 2525 956 2529 ⁴

250 2604 318 2664 Aut,
330 2618 356 2653 ut
367 2602 527 2661 Abantiades,
540 2620 581 2654 aut
590 2620 616 2655 ut
626 2605 750 2670 Cygneius
765 2606 835 2655 heros
842 2642 851 2668 ,

286 2680 386 2731 Clausus
398 2686 424 2731 in
435 2696 554 2747 equoreas
566 2686 717 2747 praecipiteris
732 2698 814 2749 aquas.

95 2814 97 2819 ,
200 2764 231 2814 45
240 2776 243 2811 l
253 2760 356 2809 Vidiirna
368 2760 407 2811 vel
422 2761 515 2810 Phoebo
531 2763 606 2809 sacras
616 2763 723 2808 madetis
734 2758 765 2809 atl
779 2776 848 2820 aras,

285 2837 364 2897 Quam
381 2838 437 2887 tulit
450 2854 464 2887 a
475 2840 537 2888 saevo
551 2836 692 2888 Theudotus
708 2838 773 2887 hoste
785 2854 878 2891 necem.

249 2916 298 2965 rlue
313 2930 336 2966 te
354 2897 554 2969 devoveatoeltls
571 2914 671 2965 Abdera
682 2914 784 2976 diebus,

283 2994 389 3060 Saxaque
399 2992 523 3047 ‚devotum
535 2990 651 3059 grandine
668 2993 737 3059 plura
750 3008 842 3059 petant.

249 3070 298 3119 Aut
311 3071 377 3123 loris
391 3070 470 3123 infesti
486 3072 536 3125 run
551 3072 636 3122 iniere
651 3072 765 3135 trisuleo,
