2325 3959
182 365 186 371 ¹
273 402 566 475 Fastorum
591 400 676 469 ιη.
702 398 766 469 VI.
818 402 879 464 161

204 521 350 592 Depositum
362 528 424 578 terri
431 523 570 577 sustulitille
577 532 658 589 caput.

168 597 333 666 lucutenta,
344 608 497 670 nemorisque
512 607 565 663 tui,
575 588 819 665 Diiiynna‚receffus
853 609 856 615 ·
885 608 930 658 755

204 680 278 732 Celae
289 702 295 732 s
308 684 406 733 Aricino
417 684 513 734 Virbius
524 681 566 731 ille
576 681 639 729 lacu.

168 756 203 807 At
213 758 348 822 Clymenus
358 761 499 826 Clothoque
508 758 611 817 dolent,
622 759 673 807 hac
684 754 726 806 fila
738 756 815 805 teneti
826 788 835 815 ,

205 836 253 885 llic
261 836 313 887 lieri
320 841 387 903 regni
396 842 448 903 jura
458 840 553 889 minora
563 838 608 885 sui.

167 910 294 978 iuppiter,
306 916 441 982 exemplum
447 919 536 967 veritus
545 950 554 976 ,
564 913 651 965 direxit
661 917 687 963 iu
694 906 767 963 illim

203 990 389 1059 Fulmina,qui
398 996 478 1043 menia
488 987 596 1042 moverat
606 994 662 1041 artis
672 1007 754 1056 opem.
885 992 933 1043 760
959 1034 961 1039 .

167 1067 276 1129 phebe,
292 1073 436 1137 querebaris.
449 1070 515 1120 Deus
525 1070 558 1119 est
570 1089 576 1117 s
589 1069 682 1135 placare
689 1067 792 1133 parenti.

201 1146 302 1213 Propter
312 1165 352 1209 te,
364 1148 416 1199 fieri
427 1147 494 1216 quod
501 1164 582 1208 vetat,
592 1149 640 1213 ipse
651 1146 719 1197 facit.

166 1223 243 1274 NON
257 1242 302 1291 ego
319 1242 357 1287 te,
368 1231 477 1294 quarpvis
484 1227 621 1292 properabis
630 1228 743 1285 vincere,
754 1220 835 1286 Caesar
846 1260 855 1285 ‚

200 1303 225 1351 Si
236 1319 301 1353 vetet
310 1307 458 1369 auspicium,
474 1308 541 1369 signa
556 1319 653 1354 movere
660 1302 744 1353 velim.

167 1381 222 1430 Sint
239 1382 283 1430 tihi
292 1382 440 1441 flaminius,
450 1383 659 1446 Thrasymenaque
670 1380 758 1433 litora,
767 1377 851 1431 testes.
885 1385 914 1435 76
920 1391 929 1435 5

202 1460 247 1508 Per
256 1460 365 1510 volueres
372 1477 452 1527 aequos
462 1460 539 1510 multa
549 1476 647 1509 monere
657 1458 731 1507 Deos.

168 1537 292 1603 Tempora
305 1542 324 1588 si
335 1542 420 1589 veteris
430 1541 516 1603 quatis
527 1540 652 1587 temeraria
666 1533 749 1584 damni
760 1550 769 1593 3

202 1615 305 1675 Quartus
316 1617 346 1665 ab
357 1632 464 1685 ettremo
474 1617 554 1665 mense
565 1617 600 1663 bis
611 1613 653 1662 ille
664 1611 723 1662 dies.

166 1692 313 1741 POSTERA
327 1694 367 1742 lux
378 1693 465 1742 melior
477 1712 484 1741 t
496 1695 589 1759 superat
600 1687 724 1742 Masiuiffa
734 1689 865 1754 Syphacem
872 1705 880 1746 3

199 1770 230 1818 Et
244 1770 331 1821 cecidit
341 1771 394 1821 telis
408 1771 540 1821 Hasdrubal
552 1772 602 1837 ipse
613 1773 668 1821 suis.
883 1776 933 1819 770

162 1845 322 1897 TEMPORA
332 1848 457 1908 labuntur,
472 1852 596 1914 tacitisque
607 1848 748 1899 senescimus
759 1848 843 1905 annis3

197 1924 229 1972 Et
238 1923 334 1989 fugiunt
341 1960 355 1984 r
362 1925 434 1976 freno
445 1943 495 1977 non
505 1940 640 1976 remorante
652 1960 660 1985 ‚
672 1923 731 1975 dies.

165 2000 245 2061 Quint
257 2001 308 2051 cito
317 2019 432 2053 venerunt
438 2005 548 2055 fortuna
558 2006 636 2055 Portis
648 2006 763 2055 honores!

198 2075 252 2123 Poll
262 2076 352 2140 septem
363 2076 428 2125 luter
437 2077 519 2127 Juniur
529 2082 593 2129 astus
604 2082 657 2128 erit.

126 2163 129 2166 ’
163 2151 303 2210 lte,Deam
315 2153 363 2203 lati
376 2155 472 2204 Fortem
483 2154 619 2214 celebrate,
634 2156 755 2215 Quiritest
849 2202 853 2208 .
881 2164 927 2211 775

196 2232 223 2279 ln
234 2231 327 2281 Tiberis
332 2231 385 2296 ripai
395 2230 494 2281 munera
504 2234 575 2298 Regis
583 2234 665 2283 haber.

162 2306 217 2357 Pars
232 2306 293 2374 pede
303 2343 311 2363 ,
322 2325 376 2374 patr
385 2312 458 2359 etiam
469 2310 540 2359 celeri
550 2308 669 2361 decurrite
679 2310 782 2374 cymbie

194 2386 247 2435 Nec
258 2384 346 2450 pudeat
353 2402 426 2452 potos
440 2385 497 2437 inde
508 2386 584 2438 redire
595 2386 708 2438 domum.

162 2460 228 2509 Ferte
239 2475 359 2509 coronata
368 2464 483 2525 juvenum
491 2464 602 2510 convivia
613 2460 695 2513 lintres
704 2478 713 2521 3

196 2537 321 2601 Multaque
333 2554 374 2600 per
383 2535 538 2588 medias-vina
546 2537 658 2587 bibantur
668 2555 750 2605 aquas.
874 2533 924 2593 73²

162 2614 231 2663 Plebs
245 2614 304 2664 colit
315 2615 375 2663 hauc
385 2616 470 2678 aquia,
484 2617 526 2679 qui
534 2617 615 2680 posuit
627 2650 635 2673 ‚
651 2614 681 2665 de
692 2618 762 2682 plebe
773 2616 841 2669 fuiffe

194 2694 292 2749 Fertur,
306 2695 330 2740 δι
341 2708 369 2739 ex
379 2691 465 2740 humili
475 2693 566 2757 sceptra
577 2691 656 2742 tulisse
668 2694 734 2745 loco.

162 2768 284 2821 Convenit
294 2772 318 2817 δι
332 2770 416 2818 servis:
429 2769 495 2818 servi
504 2773 561 2835 quia
571 2770 667 2821 Tullius
677 2789 743 2823 ortus

191 2846 325 2897 Constituit
335 2846 411 2895 dubia
420 2847 509 2911 templa
519 2850 654 2914 propinque
663 2849 731 2901 Dea.

159 2923 262 2979 ECCE,
278 2924 410 2974 suburbani
425 2923 518 2975 rediens
530 2924 593 2975 mali
605 2928 695 2977 sobrius
707 2928 772 2991 aede,
870 2924 902 2989 73
907 2942 916 2986 5

192 3001 229 3053 Ad
238 3002 315 3053 stellas
325 3003 410 3068 aliquis
422 3002 478 3052 talia
487 3005 558 3053 verba
567 3007 634 3069 Jatit.

159 3082 226 3135 Zona
243 3080 301 3131 later
312 3095 442 3147 tuanuuc,
455 3086 480 3133 ἃ
492 3098 541 3133 cras
551 3081 647 3136 fortalse
654 3084 753 3137 latebit:
