2325 3959
274 391 319 455 90
391 363 437 433 P.
470 365 633 433 Ournrt
667 352 864 449 ΝΑςοΝιεΙ

305 487 391 538 Silvius
402 490 427 535 in
439 488 505 536 Latia
517 502 587 552 gente
596 498 694 537 vocatur
705 500 764 537 erat.

273 566 357 631 Isque,
375 567 475 624 Latine,
488 568 531 614 tibi
543 580 609 629 pater
621 566 665 614 estr
676 568 739 614 subit
749 563 810 614 Alba
820 562 944 611 Latinum
960 577 973 619 3

212 677 215 681 -
306 646 430 693 Proximus
439 645 471 692 est
484 644 559 692 titulis
571 643 670 707 Epitos‚
685 644 762 703 Alba,
772 644 826 691 tuis.

223 723 252 773 45
273 720 318 769 Ille
337 719 405 770 dedit
422 721 500 786 Capyi
515 719 618 770 recidiva
629 720 748 769 vocabula
757 722 837 785 Trojae
849 736 867 777 3*

304 799 336 848 Et
354 796 407 848 ttius
421 801 453 847 est
470 798 550 852 idem,
568 799 682 863 Calpem,
697 798 771 847 fastus
781 814 846 845 avus.

272 876 384 943 Cumque
393 872 466 943 patris
476 894 575 943 regnum
587 882 639 941 poli
649 880 712 925 hunc
721 878 847 925 Tiberinus
857 875 987 930 haberet.

304 956 400 1005 Dicitur
411 960 434 1003 in
447 958 548 1004 Thuscae
559 960 653 1020 gurgite
664 956 752 1003 mersus
764 970 839 1020 aqut.

272 1035 324 1085 lam
333 1050 413 1083 tamen
425 1034 544 1099 Agrippan
550 1038 676 1099 genitum,
691 1032 1007 1097 Remulumquenepotem

225 1113 257 1159 50
306 1111 421 1161 Viderat:
436 1115 461 1160 in
474 1112 602 1160 Remulum
614 1110 716 1159 fulmina
727 1106 795 1159 milla
807 1108 898 1157 ferunt·

272 1191 346 1241 Venit
361 1191 491 1237 Aventinus
508 1190 560 1254 post
570 1191 629 1238 hos:
644 1188 710 1237 loeus
722 1186 784 1235 unde
796 1200 913 1246 vocatus,

305 1269 378 1316 Mons
389 1285 484 1334 quoque
493 1286 499 1315 ι
505 1271 558 1345 poll
567 1266 639 1315 illum
650 1264 737 1316 tradita
748 1282 820 1331 regna
831 1266 924 1315 Protssae.

272 1345 352 1405 Quem
362 1348 466 1411 sequitur
478 1343 523 1395 diri
534 1345 649 1394 Numitor
661 1358 786 1409 germanus
799 1341 889 1391 Atnuli.

305 1425 348 1472 ilia
356 1441 412 1473 curn
425 1425 500 1472 Lauso
510 1422 541 1471 'de
555 1423 684 1472 Numitore
695 1423 747 1470 sari.

227 1508 252 1554 55
273 1501 333 1550 Ense
344 1502 409 1551 cadit
418 1517 503 1566 patruo
515 1502 603 1549 Lausus
616 1521 621 1548 ι
634 1500 712 1565 placet
724 1498 768 1547 llia
781 1499 870 1555 Marti3

306 1581 389 1644 Teque
402 1584 482 1642 parit,
498 1582 595 1644 gemino
604 1584 681 1643 juncte
693 1572 792 1638 Quirine
806 1578 891 1627 Remo.

272 1656 317 1704 ille
329 1658 381 1703 suos
399 1658 489 1720 semper
505 1658 622 1706 Venerem
634 1658 786 1721 Martemque
797 1668 908 1721 patentes

306 1732 389 1792 Dixit,
402 1738 426 1782 bt
437 1734 537 1783 e'rneruit
546 1738 612 1783 vocis
623 1737 708 1785 habere
717 1734 799 1785 fidem.

273 1809 341 1860 Neve
353 1813 453 1860 secuturi
467 1809 561 1876 possent
574 1815 664 1861 nescire
675 1828 785 1877 nepotes,

226 1896 257 1935 ιο
300 1890 421 1954 Tempora
435 1889 480 1939 Dis
491 1896 582 1956 generis
597 1896 736 1941 continuata
748 1890 824 1941 dedit.

273 1964 319 2016 Sed
333 1967 431 2017 Veneris
445 1972 550 2018 mensem
562 1972 637 2034 Grajo
649 1972 755 2019 sermone
767 1983 878 2020 notatum
962 2013 964 2016 .

304 2048 453 2113 Augurorea
467 2050 555 2112 spumis
568 2048 601 2095 est
611 2047 663 2095 Dea
673 2046 734 2097 dista
744 2048 823 2097 maria.

273 2124 325 2173 Nec
337 2127 382 2174 tibi
390 2129 420 2176 sit
430 2129 518 2173 mirum
528 2127 602 2191 Grajo
611 2142 662 2174 rem
672 2129 771 2175 nomine
781 2124 845 2183 dici;

305 2202 364 2251 itala
374 2220 429 2251 nam
441 2204 511 2251 tellus
523 2204 615 2252 Gracia
626 2208 702 2268 major
714 2218 773 2253 erat.

225 2283 253 2335 ⁴5
273 2281 376 2330 Venerat
392 2279 501 2330 Evander
512 2281 583 2346 pleni
595 2298 651 2331 cum
665 2280 735 2331 claffo
747 2284 861 2343 suorum,

305 2358 409 2408 Venerat
425 2358 531 2407 Alcides:
540 2360 625 2424 Grajus
636 2372 734 2425 uterque
745 2376 828 2423 genus.

273 2435 364 2499 Hospes
382 2438 504 2485 Aventinis
515 2452 649 2487 armentum
661 2441 726 2503 pavit
735 2442 759 2486 in
770 2438 847 2486 herbis

305 2513 434 2580 Claviger3
451 2519 474 2562 ὃ(
488 2530 556 2563 tanto
568 2516 601 2563 est
611 2516 698 2565 Albula
708 2532 765 2581 pota
777 2516 841 2564 Deo.
862 2528 866 2539 ·

272 2591 329 2639 Dux
344 2609 439 2658 quoque
449 2593 554 2642 Neritius
566 2613 572 2641 ε
585 2593 651 2642 restes
664 2594 823 2658 Laestrygones
834 2592 940 2656 exstant,

224 2684 258 2735 70
306 2670 338 2719 Et
347 2670 413 2737 quod
425 2668 501 2720 adhuc
514 2670 597 2721 Circes
608 2675 707 2720 nomina
718 2671 773 2720 litus
781 2672 861 2721 habet.

272 2747 303 2797 Et
312 2751 360 2812 jam
376 2748 510 2813 Telegoni,
525 2754 574 2815 jam
585 2753 674 2801 tnoenia
685 2750 781 2799 Tiburis
795 2747 843 2798 udi'

305 2822 413 2875 Stabant:
426 2828 542 2893 Argolica
552 2826 619 2895 quod
630 2830 729 2893 posuere
738 2844 831 2877 manus.

272 2903 377 2952 Venerat
390 2902 486 2953 ¹Atrides
498 2906 553 2954 fatis
568 2909 671 2970 agitatus
683 2906 797 2964 Halesum

306 2982 327 3027 A
339 2997 389 3045 quo
400 2983 422 3028 se
434 2979 520 3030 dietam
534 2998 595 3032 terra
607 2982 696 3032 Falisca
706 2998 783 3047 putat.

227 3072 253 3122 η
275 3055 359 3126 adjice
377 3059 487 3126 Trojanae
497 3061 615 3112 suasorem
626 3065 746 3113 Antenora
757 3062 838 3129 petis,
